3000 5018
625 276 666 336 49

60 466 128 539 quis
159 465 252 527 editt.
282 465 436 540 praetulit
458 464 526 524 vam
553 465 577 524 L
604 463 683 548 νόμᾳ
708 461 740 523 δὲ
763 464 813 547 βίᾳ
838 462 905 539 (pro
932 463 1057 540 <νολ>
1073 467 1134 550 βίᾳ)
1159 470 1230 530 coll.

59 580 120 639 552
152 578 179 639 11
209 575 355 660 ἐπιμελείᾳ
378 577 439 660 βίᾳ.
463 579 587 639 Abesse
610 578 724 639 malim
749 594 827 639 mox
851 595 964 642 vocem
988 580 1127 658 δύναμιν,
1149 598 1231 656 quae

10 679 383 766 Ilinterpretamentum
418 693 470 752 est
504 692 651 752 vocabuli
686 688 828 763 ἐξουσίας.
852 683 871 775 ΙΙ
904 693 1107 768 Optimorum
1142 697 1231 756 codd.

55 804 153 866 lectio
183 806 234 865 est
263 813 303 874 τῷ
335 802 436 882 Γύγου
463 811 516 863 τοῦ
540 804 648 864 Λυδοῦ
671 805 808 889 προγόνῳ
834 804 892 883 (sic
915 805 1008 883 Bkk).
1034 808 1233 882 Wiegandus

54 919 167 978 autem
200 914 422 994 (probantibus
453 917 564 979 Herm.
588 919 671 979 Bait.
696 917 841 995 campo.)
870 920 966 999 Γύγου
990 920 1120 996 delevit,
1144 923 1232 982 recte

52 1031 88 1090 ni
111 1030 216 1106 fallor,
249 1045 325 1091 cum
353 1031 387 1091 in
409 1031 476 1092 Lib.
501 1031 532 1090 X
555 1048 582 1092 c.
610 1033 650 1091 12
674 1032 801 1106 legatur
823 1031 874 1092 τὸν
898 1033 999 1112 Γύγου
1026 1027 1048 1110 1)
1075 1034 1233 1094 δακτύλιον

54 1149 89 1204 et
113 1161 156 1205 ex
179 1144 340 1214 Herodoto
365 1145 508 1205 sciamus
533 1144 641 1205 Croesi
660 1145 810 1224 πρόγονον
830 1146 931 1206 inisse
954 1146 1075 1220 Gygen.
1096 1147 1233 1208 Beklreri

53 1259 231 1320 lectionem
265 1258 433 1330 antiquam
469 1273 541 1318 esse
578 1259 802 1320 demonstrant
837 1259 939 1320 Procli
971 1261 1068 1320 verba
1098 1262 1132 1320 in
1163 1261 1234 1321 eius

53 1372 392 1435 commentatiuncula
416 1370 471 1442 Εἰς
495 1369 546 1430 τὸν
570 1369 601 1429 ἐν
626 1372 763 1455 Πολιτείᾳ
788 1377 890 1449 μῦθον
918 1371 1035 1450 (Procli
1058 1388 1176 1435 comm.
1201 1374 1234 1433 in

53 1485 230 1561 Rempubl.
266 1487 376 1559 partes
406 1486 556 1561 ineditae,
587 1487 636 1546 ed.
667 1486 704 1547 R.
730 1486 856 1546 Schoell
888 1488 921 1545 et
952 1486 988 1547 G.
1022 1487 1233 1547 Studemund.

57 1598 161 1678 1886)
185 1616 215 1674 p.
240 1591 311 1660 60⁸⁰
333 1595 372 1669 ὡς
402 1594 452 1656 καὶ
476 1608 511 1681 τῇ
535 1600 709 1683 Μαντινικῇ
733 1595 801 1681 ξένῃ
825 1597 875 1657 καὶ
898 1609 936 1681 τῷ
960 1596 1035 1658 κατὰ
1058 1597 1109 1658 τόν
1133 1598 1234 1677 Γύγου

53 1712 211 1792 πρόγονον
234 1712 400 1792 διηγήματα
424 1713 630 1773 Siallbaumii
653 1723 712 1774 cem
738 1723 776 1796 τῷ
800 1712 883 1794 Γόγγ
904 1709 952 1789 (V.
972 1712 1019 1789 L.)
1043 1715 1106 1782 [τοῦ
1127 1712 1235 1771 Λυδοῦ

53 1825 211 1912 προγόνᾳ]
233 1843 318 1889 unus
337 1827 521 1887 Scbmelzer
540 1827 705 1902 probavit;
726 1843 801 1887 cum
823 1843 898 1887 vero
919 1827 998 1887 illud
1018 1827 1101 1910 Γόγᾳ
1118 1828 1234 1887 (1ο1ο11.

33 1927 152 2002 'codd
176 1941 220 2000 sit
242 1941 338 2001 lectio
361 1940 556 2013 Proclusque
579 1957 605 2002 c.
630 1941 763 2015 optimis
786 1941 907 2001 nostris
930 1942 1019 2002 codd.
1044 1940 1235 2015 consentiat,

53 2069 127 2115 non
149 2054 259 2114 dubito
284 2055 361 2128 quin
386 2070 498 2115 verum
524 2053 720 2128 Wiegandus
744 2055 870 2115 viderit.
893 2089 932 2097 —
958 2053 1080 2115 Codicis
1105 2054 1183 2115 Van.
1206 2055 1239 2111 Π

52 2167 233 2229 lectionem
262 2162 356 2241 <t>
373 2171 578 2246 μυθολογοῦσι
609 2169 670 2228 soli
701 2168 800 2229 Belrlr.
833 2168 980 2229 Schneid.
1016 2167 1146 2242 dampb.
1170 2183 1236 2241 pro-

55 2282 196 2355 barunt3
221 2295 278 2354 ego
299 2282 409 2341 autom
431 2281 544 2340 malim
565 2284 770 2359 μυθολογοῦσι
790 2282 905 2358 delore,
927 2297 1001 2342 cum
1015 2282 1238 2342 constetbunc

55 2395 171 2455 locum
194 2393 432 2468 interpolatoris
456 2409 591 2454 manum
616 2410 750 2469 passum
775 2411 857 2455 esse.
874 2429 911 2437 —
927 2395 1001 2455 Mox
1025 2395 1092 2455 cod.
1118 2395 1188 2455 Par.
1210 2395 1238 2453 A

57 2505 138 2584 ἔχειν
168 2507 278 2566 omisit
309 2508 520 2581 probantibus
552 2508 663 2568 Herm.
695 2508 778 2569 Bait.
804 2508 974 2583 Sohmeln,
999 2509 1091 2582 quasi
1115 2508 1239 2581 ellipsis

59 2620 153 2680 vorbi
183 2617 258 2697 ἔχειν
288 2620 364 2680 ferri
395 2621 508 2694 possit.
540 2621 675 2696 Baikor,
708 2621 854 2681 Schneid.
888 2621 1000 2682 Stallb.
1034 2619 1164 2694 Oampb.
1196 2636 1238 2680 ex

57 2733 142 2795 Van.
168 2735 202 2790 Π
220 2730 294 2810 ἔχειν
318 2734 520 2809 addiderunt,
544 2735 736 2795 rectissime.
761 2734 839 2794 Mire
860 2734 1040 2807 Madvigius
1060 2735 1098 2794 ci.
1120 2729 1239 2811 ἅνθρω-

58 2867 132 2922 πον,
162 2845 292 2905 πλούτου
324 2841 356 2904 δὲ
379 2843 478 2922 οὐδέν,
500 2844 567 2924 περὶ
590 2843 621 2905 όὲ
645 2855 679 2930 τῇ
703 2844 775 2924 χειρὶ
797 2850 857 2921 κτλ,
880 2863 978 2919 quam
1003 2856 1060 2906 0⁸¹1]
1087 2846 1240 2906 Liebhold

60 2958 183 3037 (Fleek.
211 2959 281 3019 Jbb.
305 2959 388 3019 1888
408 2960 459 3020 bd.
485 2956 558 3036 137)
579 2961 765 3034 improbans
784 2961 852 3034 ipse
874 2962 912 3020 ei.
934 2956 1107 3038 ἄνθρωπον,
1126 2959 1239 3035 κόσμου

63 3069 97 3132 δὲ
121 3069 191 3132 ἄλλο
213 3067 267 3147 μὲν
292 3067 379 3151 ἔχοντ’
405 3070 505 3148 οὐδέν,
527 3069 593 3150 περὶ
617 3068 650 3131 δὲ
672 3082 706 3155 τῇ
731 3070 803 3151 χειρὶ
826 3077 883 3131 κτλ.
912 3074 952 3134 Η.
977 3071 1239 3149 18018011(Οὸ111·

63 3186 175 3260 bridge
209 3187 322 3247 Philol.
358 3187 486 3259 Society
517 3188 537 3246 9
569 3187 678 3246 March
713 3184 810 3262 1882)
842 3188 977 3260 denique
1009 3187 1046 3246 ci.
1079 3186 1184 3246 τούτου
1209 3181 1263 3244 δὲ’

64 3297 136 3361 diro
161 3296 214 3376 μὲν
238 3296 338 3375 οὐδέν,
360 3296 427 3376 περὶ
451 3296 483 3358 δὲ
507 3309 542 3382 τῇ
564 3296 637 3377 χειρὶ
659 3316 740 3377 χρνσ.
765 3298 922 3358 δακτόλιον
948 3293 1004 3370 [ὃν]
1033 3296 1239 3374 περιελόμενον

64 3410 200 3493 ἐκβῆναι,
230 3428 344 3487 parum
372 3413 473 3473 docte.
501 3413 541 3473 H.
567 3396 703 3472 Wolfius
727 3412 908 3472 coniecerat
930 3409 977 3469 ἐπὶ
1000 3427 1056 3485 pro
1079 3407 1155 3488 περὶ,
1177 3425 1240 3483 quo

63 3542 129 3587 non
164 3541 254 3601 opus.
291 3503 528 3588 'Herwerdenus
562 3529 673 3587 autern
708 3523 782 3602 (Mn.
818 3521 914 3600 1883)
946 3525 1058 3584 scribit
1084 3524 1240 3600 „permira

63 3641 188 3702 dictum
220 3655 277 3714 pro
308 3638 376 3718 περὶ
406 3636 439 3699 δὲ
462 3652 501 3723 τῷ
525 3641 698 3722 δοκούλᾳ”;
732 3642 766 3700 at
799 3639 986 3700 etiamnunc
1016 3638 1164 3696 hominos
1194 3636 1241 3695 ita

63 3754 251 3826 loquuntur.
284 3753 330 3816 Of.
362 3757 529 3828 praeterea
559 3770 608 3828 ap.
644 3754 805 3829 Aristoph.
837 3754 933 3827 Vesp.
968 3753 1031 3811 703
1062 3749 1239 3829 λόγισαι...Ι

64 3864 126 3927 ἀπὸ
149 3866 290 3945 χειρός.

10 3987 38 4054 Α
112 3979 195 4040 Illud
229 3974 275 4037 dd
308 3979 407 4040 Bekk.
443 3982 476 4039 et
510 3979 621 4039 Stallb.
654 3995 672 4038 e
702 3980 818 4040 deterr.
851 3980 1012 4040 codicibus
1042 3979 1240 4051 receperunt.

63 4093 173 4172 Quum
208 4093 288 4154 Ven.
325 4095 360 4150 ll
386 4093 536 4153 exhibeat
568 4091 647 4175 αὐτῷ
678 4092 754 4151 οίίτω
783 4090 833 4151 καὶ
863 4091 949 4166 οὕτω,
971 4094 1049 4165 puto
1073 4091 1241 4150 Platonem

62 4207 236 4281 scripsisse
272 4203 563 4289 αότῷ<καὶ>οότω
599 4205 771 4282 ξυμβαίνειν
804 4202 865 4281 (καὶ
897 4207 948 4265 esi
979 4206 1031 4265 hid
1065 4197 1240 4280 „revera’').

42 4303 182 4382 'Veneti
205 4322 273 4382 cod.
298 4320 448 4381 librarius
471 4320 505 4377 in
528 4334 593 4392 mg.
618 4320 670 4379 sui
693 4320 810 4379 codicis
835 4316 879 4394 (id
903 4319 986 4391 quod
1011 4319 1132 4378 conieci
1155 4332 1241 4392 prae·

102 4562 123 4629 ¹)
141 4567 172 4613 In
190 4580 242 4625 mg.
261 4564 319 4614 (ioli.
338 4568 465 4614 Malatest.
483 4567 578 4625 legitur
597 4569 686 4629 ἱστορία
703 4571 744 4610 τοῦ
761 4565 839 4622 γόγου.

1151 4647 1165 4689 ⁴
1356 4654 1412 4720 Δ
