3000 5018
816 284 862 343 40

252 471 442 546 omiserunt,
475 472 558 531 unde
586 472 696 531 mendi
726 471 813 544 origo
844 472 986 544 apparet.
1010 471 1144 531 Librarii
1168 473 1242 544 post
1264 466 1285 548 ἢ
1308 467 1344 530 οὔ
1370 471 1430 531 (111

252 585 421 658 tographia
451 579 551 662 ἡγοῖτο
582 585 786 645 inseruerant
812 580 842 661 (ἢ
866 579 903 642 oli
930 578 1127 661 <ἡγοῖιο>.
1146 577 1266 663 ‘Hyetto
1293 579 1331 642 liv
1356 587 1430 660 κτλ),

204 696 228 764 c
251 697 365 758 deinde
388 697 583 756 correctores
606 692 626 773 ἢ
650 694 705 755 οὐκ
728 692 765 753 ἂν
788 689 889 775 ἡγοῖτο
910 695 1027 755 δίκαιον
1047 697 1224 757 commenti
1244 701 1331 758 sunt.
1345 688 1368 779 ΙΙ
1381 697 1430 757 In·

133 806 136 811 ’
254 813 371 883 terrog.
392 809 521 882 signum
541 810 614 883 post
634 806 684 867 καὶ
704 816 757 868 τοῦ
776 805 921 885 ἀνομοίου
934 809 1084 879 (inDin.)
1097 810 1302 870 sustulerunt
1317 809 1429 870 Herm.

256 923 367 983 Stallb.
382 922 500 992 (1858).
514 921 598 981 Bait.
609 920 751 997 (lampu,
765 922 897 996 optime.
912 922 972 982 Pro
985 917 1113 1000 λέγωμεν
1124 922 1188 982 det.
1203 923 1292 983 codd.
1306 918 1432 1002 λέγομεν

255 1038 424 1111 exhibent;
457 1038 631 1109 utrumque
659 1038 796 1110 rectum,
827 1035 1015 1094 melioribus
1041 1035 1139 1108 igitur
1163 1036 1253 1096 codd.
1278 1033 1432 1115 (λέγωμεν)

200 1141 232 1206 Ι)
256 1149 553 1224 obtemperandum.
574 1139 595 1231 ΙΙ
616 1148 839 1208 Hermannum
861 1144 933 1207 Pari
952 1149 980 1207 A
1000 1148 1130 1209 lectioni
1151 1143 1167 1207 1
1187 1143 1220 1207 al
1240 1146 1280 1225 μὴ
1301 1145 1433 1208 ἐοικέναι

254 1263 492 1337 patrocinatum
522 1276 618 1321 nemo
649 1261 751 1321 editor
778 1261 910 1321 secutus
934 1262 1002 1334 sst;
1028 1277 1108 1336 opus
1133 1261 1220 1321 enirn
1244 1264 1294 1322 est
1317 1262 1433 1322 iterari

254 1373 305 1452 μὴ,
330 1390 429 1448 quum
453 1375 666 1449 praecesserit
689 1369 705 1433 ὅ
729 1369 761 1432 δὲ
784 1372 899 1444 δίκαιος
922 1371 978 1433 οὐκ
1002 1371 1096 1433 ἔοικεν
1121 1374 1142 1434 1.
1167 1391 1194 1435 e.
1220 1369 1236 1433 ri
1257 1373 1374 1446 δίκαιος
1396 1373 1433 1434 οὐ

254 1495 396 1558 τοιοῦτος.
428 1487 579 1561 Madvigii
609 1496 668 1547 cam
697 1485 827 1564 οἵοισπερ
858 1483 953 1544 ἔοικεν
983 1502 1040 1561 pro
1064 1478 1165 1565 οἷσπερ
1188 1483 1210 1546 ἒ.
1234 1488 1321 1549 reete
1344 1488 1432 1550 Bait.

255 1603 288 1661 et
319 1600 448 1675 Oampb.
481 1601 689 1674 repudiarunt
719 1599 846 1660 collatis
876 1600 927 1659 his
958 1599 1055 1660 locis:
1087 1601 1152 1660 350
1177 1599 1201 1661 G
1224 1593 1247 1683 ᾧ
1270 1621 1303 1679 με
1327 1599 1434 1677 ὅμοιος

255 1711 389 1791 ἑκάτερος
420 1711 465 1790 εἴη
496 1716 546 1771 κτλ
576 1714 609 1772 et
639 1713 798 1773 Phaedon.
831 1713 872 1771 92
898 1712 924 1770 Β
955 1709 992 1771 οὐ
1023 1708 1078 1790 γὰρ
1110 1710 1147 1788 δὴ
1176 1708 1304 1790 ἁρμονία
1326 1711 1362 1792 γε’
1386 1730 1435 1774 σοι

256 1825 391 1887 τοιοῦτον
414 1823 491 1885 ἐστιν
515 1819 537 1908 ᾧ
561 1823 733 1897 ἀπεικάζεις.
765 1826 978 1885 invenustam
1002 1825 1186 1886 Schneideri
1210 1826 1434 1901 suspicionem

261 1932 393 2013 <οἷοι>
420 1931 522 2016 οἷσπερ
545 1939 738 1999 Liebholdus
757 1938 874 2009 (Fleck.
894 1938 964 1998 Jbb.
980 1939 1076 2007 1893)
1096 1940 1233 2015 repetiit,
1251 1940 1284 2000 in
1296 1955 1435 2014 sequen·

256 2053 344 2113 tibus
363 2052 480 2112 iniuria
498 2048 572 2110 ἀλλὰ
590 2051 618 2110 τί
638 2049 752 2126 <ο1>
776 2055 812 2121 (s.
830 2047 990 2123 <111ο>)
1003 2047 1112 2127 μέλλω
1125 2049 1182 2128 ἔφη
1196 2053 1375 2126 requirens.
1392 2088 1435 2097 -

258 2167 318 2225 Pro
349 2161 476 2224 ἐοικέναι
504 2164 575 2238 iege
602 2164 710 2224 Attice
733 2159 841 2222 εἰκέναι
865 2166 898 2223 et
920 2179 998 2223 mox
1022 2164 1144 2238 corrige
1168 2161 1302 2244 ἑκάτερος
1324 2163 1436 2225 αὐτοῖν

237 2293 314 2352 ‘pro
337 2275 446 2352 αὐτῶν,
477 2277 516 2338 ci.
543 2277 606 2337 348
630 2275 654 2337 G
676 2273 708 2335 τὸ
732 2272 785 2353 μέν
808 2296 869 2336 που
891 2272 998 2355 ἀρετὴν
1022 2274 1126 2336 αὐτοῖν
1149 2281 1246 2349 καλεῖς
1269 2282 1327 2338 κτλ.
1341 2270 1364 2362 ΙΙ
1377 2281 1436 2342 Ιιθ·

207 2399 235 2464 Ῑι]
258 2391 400 2463 gendum
431 2385 462 2448 ἕν
493 2398 528 2472 τῇ
559 2386 687 2448 ἐπιτάσει
720 2388 826 2464 <τε>
859 2385 909 2448 καὶ
936 2385 1043 2467 ἀνέσει,
1066 2390 1105 2451 cf.
1130 2391 1216 2452 dicta
1239 2393 1280 2452 ad
1305 2394 1372 2453 334
1397 2393 1435 2455 Ε.

258 2503 373 2577 Verba,
404 2518 487 2576 quae
516 2503 630 2562 statim
660 2504 840 2575 sequuntur
866 2499 886 2581 l
910 2499 1014 2574 ἀξιοῦν
1037 2499 1126 2562 πλέον
1152 2501 1227 2581 ἔχειν
1250 2506 1283 2564 in
1307 2504 1435 2568 Monac.

258 2631 279 2690 q
301 2615 430 2692 punctis
459 2617 571 2676 notata
594 2618 688 2690 sunt;
720 2616 854 2676 delenda
877 2617 1032 2690 putarunt
1055 2616 1156 2676 etiam
1179 2616 1290 2677 Heller
1312 2618 1436 2688 (Fleck.

257 2730 327 2790 Jbb.
363 2730 446 2789 1875
478 2730 529 2790 bd.
556 2730 629 2799 lli)
653 2731 685 2789 et
707 2729 735 2790 J.
759 2730 882 2789 Nusser
904 2729 1012 2800 (Bilitt.
1037 2730 1058 2790 r.
1082 2731 1171 2804 bayr.
1195 2745 1307 2804 gymn.
1334 2731 1437 2804 1885)

258 2845 369 2918 utpote
392 2844 563 2903 verborum
582 2839 695 2902 ἐθέλειν
714 2847 897 2903 πλεονεκτεῖν
916 2843 1253 2920 interpretamentum,
1274 2845 1409 2920 optime.

112 2971 176 3031 350
202 2966 233 3032 Β
302 2957 378 3017 Dele
398 2956 496 3016 verba
514 2977 544 3015 τε
562 2953 613 3014 καὶ
632 2952 768 3015 ἐναντίον
788 2971 828 3016 ne
848 2956 898 3016 bis
916 2956 1003 3016 idem
1023 2957 1157 3051 dicatur,
1178 2972 1255 3017 nam
1269 2953 1285 3017 1
1297 2954 1436 3031 ἕναννίος

210 3079 235 3147 G
257 3080 296 3152 τῷ
321 3065 412 3153 ὁμοίῳ
437 3068 573 3146 σημαίνει
595 3066 647 3128 τὸν
666 3065 818 3144 ἀνόμοιον.
838 3059 858 3151 ΙΙ
879 3069 997 3130 Par.um
1017 3069 1046 3128 A
1065 3065 1080 3128 ὁ
1102 3065 1134 3128 δὲ
1153 3066 1436 3150 (ρΐοδὴ1Θρασύμ.

255 3184 464 3258 praebentem
492 3185 595 3245 secuti
618 3185 694 3243 sunt
717 3183 828 3244 Herm.
853 3183 936 3243 Bait.
961 3182 1094 3258 Wohlr.,
1118 3199 1181 3243 νον
1205 3184 1352 3245 Schneid.
1369 3202 1436 3246 *nec

257 3297 398 3372 eampo„
430 3296 484 3370 qui
514 3297 601 3356 recte
632 3297 767 3356 annotat
798 3293 864 3373 „Ap
888 3295 1000 3355 marks
1027 3296 1082 3355 the
1106 3296 1279 3356 transition
1302 3297 1389 3359 from
1414 3317 1435 3361 a

256 3410 414 3470 dramatic
447 3411 481 3470 1ο
516 3425 536 3469 a
570 3410 761 3484 descriptiva
792 3411 962 3484 passage.''
996 3443 1037 3451 -
1069 3409 1269 3469 Particulam
1300 3405 1435 3486 etpost

256 3519 425 3600 ὡμολόγησε
458 3517 512 3598 μὲν
547 3522 661 3583 abesse
695 3538 759 3583 non
793 3537 888 3597 posse
923 3521 990 3581 iam
1021 3521 1061 3582 H.
1095 3521 1185 3582 Wolf
1211 3522 1432 3603 intellexerat,

217 3612 219 3616 ’
254 3639 330 3695 recte
357 3634 518 3695 coniciens
533 3629 554 3701 ¹)
586 3633 639 3714 οὐχ
662 3632 702 3706 ὡς
729 3629 844 3708 (δ’)
870 3631 936 3712 ἐμώ.
961 3634 1066 3695 Minus
1090 3634 1227 3696 feliciter
1248 3653 1301 3697 res
1326 3638 1431 3700 Stein-

254 3747 423 3808 bruechelo
459 3748 558 3808 cessit
592 3745 657 3824 οὐχὶ
692 3742 721 3806 δ’
756 3745 795 3818 ὡς
827 3745 883 3826 ἐγὼ
916 3747 1115 3808 rescribenti.
1146 3748 1230 3809 illud
1254 3746 1286 3809 δὲ
1305 3751 1339 3810 in
1362 3753 1381 3822 ἓ
1405 3755 1433 3813 D

254 3858 365 3939 (ἐπειδὴ
397 3856 429 3919 tl
459 3851 526 3929 οὖν)
557 3862 643 3920 recte
674 3860 741 3919 iam
772 3860 868 3920 multi
896 3861 935 3920 ad
960 3856 1129 3936 ὡμολόγησε
1153 3855 1206 3936 μὲν
1230 3863 1341 3925 referri
1366 3881 1432 3927 non

253 3977 398 4049 oportere
433 3974 590 4034 viderant.
626 3973 863 4034 Herwerdenus
898 3974 972 4045 (Mn.
1010 3967 1112 4053 1883)
1149 3977 1358 4048 exspectasse
1394 3995 1433 4040 se

253 4088 362 4148 dicens
394 4085 448 4164 οὐχ
478 4083 517 4157 ὡς
548 4084 603 4165 ἐγὼ
634 4093 692 4144 νῦν
719 4081 791 4164 λέγω
815 4085 923 4168 ῥᾳδίως
947 4101 1011 4146 non
1035 4086 1104 4146 falli
1127 4087 1208 4147 mihi
1233 4088 1371 4166 ridetur,
1397 4092 1431 4152 in

197 4198 228 4262 l)
252 4201 311 4260 hac
330 4215 423 4274 porro
447 4200 698 4273 transpositione
718 4214 797 4258 num
818 4197 927 4280 ῥᾳδίως
949 4199 1127 4273 genuinum
1151 4201 1196 4260 sit
1219 4201 1383 4264 dubitans.
1408 4197 1427 4278 1³

251 4315 328 4374 Post
347 4311 532 4392 ἐρυθριῶντα
553 4314 657 4373 satius
673 4315 724 4374 est
736 4315 892 4387 punctum
906 4311 1002 4373 finale
1014 4313 1099 4387 poni.
1113 4314 1263 4387 Impense
1276 4315 1430 4379 Socrates

283 4555 300 4616 ¹)
318 4559 426 4618 Saepius
443 4573 483 4619 ap.
502 4556 635 4605 Platonem
653 4560 678 4605 rit
696 4574 746 4606 non
765 4559 878 4606 secunda
895 4557 956 4605 sede
974 4558 1086 4617 ponitur.
