3000 5018
439 1401 610 1487 LIBER
635 1407 897 1506 QUINTUS.

569 1671 762 1680 ————.

12 1758 18 1768 .
33 1727 98 1787 Pag.

25 1840 53 1907 l
121 1851 351 1926 corrigendum
370 1857 508 1918 arbitror
527 1860 609 1930 (coll.
631 1861 732 1921 4450
755 1862 813 1921 ult.
828 1859 878 1920 καὶ
890 1871 989 1940 ψυχῆς
1001 1862 1113 1940 τρόποι)
1126 1863 1253 1942 τρόπους

80 1961 299 2044 [nereensem
324 1970 400 2043 quia
423 1972 556 2044 vulgata
579 1973 727 2035 balbutit.
749 1975 855 2034 Minus
873 1978 959 2036 recte
980 1976 1057 2035 olim
1077 1978 1139 2036 Ast
1154 1985 1253 2054 ψυχῆς

79 2078 207 2141 delevit.
240 2081 384 2154 Sequens
415 2081 473 2160 ἔφη
504 2086 575 2146 Par.
608 2087 636 2145 A
668 2088 789 2147 omisit.
818 2089 892 2147 Mox
915 2092 1060 2163 praestat
1083 2091 1189 2162 legere
1213 2082 1252 2172 ᾖα

81 2190 169 2264 αὐτὰς
193 2191 298 2272 ἐφεξῆς
322 2193 406 2274 ἐρῶν,
427 2213 491 2270 qua
515 2201 740 2259 emendatione
766 2202 935 2274 sequentia
959 2201 998 2272 ὥς
1022 2224 1072 2279 μοι
1095 2207 1145 2261 κτλ
1169 2220 1252 2264 com·

39 2293 253 2369 Gmodiorem
285 2313 484 2372 structuram
516 2313 756 2373 nanciscuntur.
790 2305 809 2396 ΙΙ
839 2315 1043 2389 Optimoruur
1068 2319 1156 2377 codd.
1180 2318 1252 2378 lect.

80 2416 116 2480 in
139 2418 196 2501 ἐγὼ
220 2415 303 2482 εἷπον
326 2427 393 2498 (pro
418 2423 470 2500 ὅτι,
493 2423 548 2503 ἐγὼ
572 2429 604 2495 ε.)
624 2427 711 2500 prob.
735 2442 848 2487 omnes
870 2429 960 2488 editt.
982 2433 1120 2502 (praeter
1143 2430 1251 2505 Steph.

78 2534 138 2595 Ast
166 2536 277 2597 Stallb.
309 2537 420 2597 Herm.
454 2539 617 2600 Herwerd.
654 2540 716 2600 Mn.
743 2541 849 2617 1883),
874 2544 964 2618 mole,
991 2545 1075 2615 quod
1099 2545 1139 2603 ad
1163 2546 1252 2617 prius

75 2647 104 2706 ri
131 2647 256 2726 μάλιστα
286 2651 482 2710 Adimantus
513 2653 579 2711 iam
610 2656 828 2731 responderat,
860 2655 969 2727 itaque
997 2656 1109 2715 rustici
1135 2657 1252 2716 fuisset

72 2759 196 2823 iterum
215 2763 411 2837 interrogare
430 2763 459 2822 τί
476 2764 607 2841 μάλιστα.
627 2767 818 2839 Exquisitus
839 2768 893 2827 ille
913 2783 970 2840 per
990 2766 1033 2825 lin
1053 2783 1129 2827 cum
1148 2769 1252 2842 ellipsi

66 2877 207 2950 rogandi
243 2877 369 2952 modus,
404 2879 496 2938 cuius
530 2879 718 2952 exemplum
753 2879 820 2937 iam
856 2881 961 2939 343A
996 2880 1192 2955 invenimus,
1234 2898 1253 2942 a

67 2987 242 3050 Graeculis
271 3005 335 3049 non
366 2991 551 3051 intellectus
582 2991 652 3066 fuit,
684 2992 895 3064 quamobrem
927 2994 1077 3066 perdocte
1101 2993 1162 3054 sibi
1188 3010 1251 3055 cor-

60 3103 199 3165 rexisse
223 3104 414 3164 videbantur
437 3102 476 3163 ἔτι
499 3121 554 3178 pro
579 3103 622 3163 ὅτι
645 3103 880 3166 substituendo.
906 3107 955 3165 Ad
980 3103 1023 3165 iia
1047 3110 1156 3167 mente
1179 3125 1249 3182 sup·

60 3218 165 3288 pleas
195 3211 244 3292 ἐμὲ
274 3215 330 3276 οὐκ
354 3214 463 3294 ἀφίετε,
486 3218 548 3278 vid.
574 3219 613 3278 ad
639 3219 702 3277 343
715 3219 753 3277 A.
780 3252 820 3261 -
845 3219 924 3278 Vide
948 3234 990 3278 an
1016 3221 1113 3279 verba
1138 3219 1187 3278 iva
1212 3219 1252 3296 μὴ

63 3328 197 3414 διέλθῃς
229 3331 339 3406 spuria
370 3332 445 3407 sint,
478 3331 557 3390 mihi
590 3332 708 3391 saltem
741 3332 916 3390 admodum
948 3331 1064 3404 frigere
1094 3333 1252 3392 videntur.

61 3440 144 3506 vam
168 3445 193 3504 L
216 3443 252 3503 τὰ
272 3453 330 3503 τῶν
354 3443 449 3519 φίλων
472 3445 558 3518 prob.
583 3445 645 3503 Ast
665 3446 698 3504 et
719 3444 829 3504 Stallb.
851 3445 972 3523 (1858),
996 3460 1058 3517 quo
1078 3461 1141 3504 non
1163 3461 1252 3520 opuS,

61 3561 106 3619 at
141 3557 365 3631 corrigendum
397 3560 447 3617 est
476 3555 518 3615 dn
544 3554 658 3630 <τὸ>
685 3554 772 3615 κοινὰ
794 3554 830 3614 τὰ
853 3557 948 3632 φίλων
966 3555 1061 3634 ἔσται,
1086 3560 1121 3617 ui
1145 3560 1209 3618 424
1223 3559 1251 3617 A

63 3671 201 3731 dixerat
230 3668 305 3729 κατὰ
335 3668 389 3747 τὴν
419 3669 598 3748 nuceretum
629 3670 668 3730 cf.
694 3670 787 3743 Hipp.
814 3671 886 3730 Mai.
914 3671 1014 3730 notu
1039 3673 1097 3731 ult.
1122 3670 1176 3747 τὴν
1199 3670 1254 3750 γὰρ

64 3782 236 3863 παροιμίαν
268 3782 284 3842 il
314 3783 343 3842 τί
371 3804 440 3842 ποτε
472 3779 556 3861 λέγει,
585 3782 625 3842 τὸ
657 3779 767 3860 χαλεπὰ
790 3780 825 3840 τὰ
848 3781 937 3858 καλά,
960 3783 1038 3842 δοκῶ
1062 3805 1112 3860 μοι
1136 3781 1254 3841 εἰδέναι.

67 3895 121 3958 De
151 3897 208 3958 illa
237 3898 464 3958 communione
496 3899 630 3970 egerunt
657 3897 742 3956 inter
771 3897 852 3957 alios
884 3897 918 3956 Ε.
947 3913 978 3957 v.
1009 3898 1256 3957 Voonuuurznu

77 4012 143 4087 „De
174 4011 318 4070 Platonis
345 4012 489 4072 doctriua
517 4013 555 4070 de
579 4012 805 4071 communione
830 4011 997 4085 bonorum,
1022 4011 1198 4070 mulierum
1221 4013 1255 4069 et

71 4123 249 4185 liberorum
281 4125 315 4189 in
346 4125 437 4185 libris
465 4125 507 4184 de
531 4124 569 4184 R.
594 4125 628 4184 P.
653 4125 836 4198 proposita”
862 4124 944 4183 Diss.
973 4123 1057 4182 1850
1083 4122 1198 4182 Ultrai.
1224 4125 1257 4183 et

74 4239 128 4299 Dr.
161 4239 339 4298 Burscuun
374 4239 455 4314 „Der
481 4239 761 4309 zusammenhang
784 4238 839 4296 der
862 4236 994 4295 familie·
1019 4235 1086 4294 und
1110 4236 1255 4308 guterge·

10 4330 46 4402 l)
78 4353 193 4413 meins.
214 4354 271 4413 des
292 4353 417 4413 Platon.
439 4352 568 4411 Stantes
589 4351 660 4410 etc''
685 4350 779 4408 1893.
793 4349 877 4408 Berl.
890 4363 977 4422 prog.
1000 4339 1019 4431 Η
1044 4348 1253 4421 Participium

79 4464 209 4542 οἰόμενοι
240 4483 257 4526 o
289 4481 353 4538 mg.
382 4465 551 4538 irrepsisse
575 4465 661 4537 puto.
688 4496 728 4504 -
753 4461 826 4521 Mox
850 4477 934 4521 unus
958 4462 1025 4520 cod.
1051 4457 1258 4539 trenciacum

80 4581 225 4656 praebet,
258 4580 342 4639 uude
377 4579 523 4652 suspicor
557 4579 723 4638 Platonem
761 4576 887 4636 dedisse
923 4571 960 4650 δὴ
994 4571 1155 4652 θρέψουσι.
1195 4577 1254 4637 Pro
