3000 5018
628 302 666 360 15

58 536 145 549 ......
159 485 274 566 τάληθῆ
305 486 408 568 λέγειν.
440 489 553 550 Pokm.
582 488 662 549 πάνυ
687 485 740 565 μὲν
763 480 819 549 οὖν
843 494 912 565 urb,
934 491 1041 565 inepte,
1066 507 1177 567 quum,
1201 493 1231 551 si

57 606 125 677 ipse
150 603 320 678 cephalos,
346 618 443 677 quem
466 604 499 663 in
523 604 788 677 praecedentibus
813 604 961 664 Socrates
985 618 1114 677 semper
1136 608 1229 662 κινεῖν

57 719 218 793 studebat,
250 718 473 790 quaestionem
504 718 542 776 de
570 717 714 777 iustitiae
746 721 862 777 natura
887 719 1055 792 movisset,
1079 733 1143 777 non
1168 720 1229 778 sta·

56 835 117 893 tim
148 832 241 905 quasi
275 831 502 905 disputationis
536 830 656 904 proelia
686 831 823 905 fugiens,
856 831 1027 892 abscedere
1058 832 1228 904 potuisset.

56 947 225 1006 Adiectiva
264 959 338 1004 oum
380 964 456 1001 παν-
499 944 678 1018 composita
711 944 803 1004 Plato
837 945 978 1017 adamat,
1014 945 1054 1004 61.
1090 947 1228 1018 (praeter

58 1058 207 1138 πάγκαλος
229 1060 262 1118 et
280 1057 447 1136 παγκάλως)
469 1073 518 1117 θΧ.
542 1072 588 1131 gr.
610 1055 817 1134 παμπόνηρος,
836 1055 1029 1135 πάνσμικρος,
1048 1056 1231 1137 παγγέλοιος,

23 1198 31 1224 ν
57 1171 251 1251 παγχάλεπος,
273 1170 432 1241 πάνδεινος
458 1171 560 1241 (Polli.
587 1172 651 1230 290
673 1172 720 1245 B),
745 1171 818 1231 alia.
844 1162 863 1254 ΙΙ
888 1172 949 1231 Pro
973 1171 1065 1242 οὕτως
1090 1173 1145 1232 alii
1170 1174 1230 1233 edi·

58 1286 213 1355 16166161
237 1283 378 1358 damph.)
403 1299 444 1343 ex
467 1284 630 1343 nonnullis
654 1285 742 1343 codd.
767 1283 844 1342 οὕτω
867 1285 1021 1360 scribunt,
1046 1287 1130 1358 quod
1151 1286 1231 1345 mihi

57 1399 255 1472 probandum
288 1397 424 1472 videtur,
457 1397 533 1469 quia
563 1397 614 1456 hio
646 1397 756 1456 nullus
787 1397 896 1457 hiatus
930 1398 1081 1458 vitandus
1109 1400 1231 1458 estin

57 1511 319 1585 responsionibus
354 1525 480 1582 quoque
511 1510 618 1569 solum
651 1509 727 1568 οὕτω
760 1511 840 1569 mihi
871 1526 988 1569 sanum
1023 1512 1157 1571 videtur.
1191 1512 1231 1570 Μ.

57 1625 181 1684 Schanz
212 1627 322 1683 autem
356 1623 448 1683 unice
480 1624 626 1683 codicum
657 1625 885 1682 auctoritatem
918 1624 1009 1696 sequi
1037 1624 1173 1699 mavult,
1199 1627 1233 1683 at

57 1739 253 1813 optimorum
285 1739 318 1798 et
349 1737 650 1810 antiquissimorum
676 1738 829 1797 librorum
855 1738 1003 1798 librarios
1026 1753 1128 1810 aeque
1151 1753 1230 1797 erro·

57 1852 145 1911 ribus
188 1852 344 1912 obnoxios
384 1851 486 1910 fuisse
521 1853 775 1910 consentaneum
812 1852 862 1910 661
896 1866 934 1910 ao
969 1851 1164 1911 deteriorum
1201 1854 1233 1909 et

59 1965 284 2025 recentiorum.
310 1998 349 2006 -
378 1965 415 2023 In
447 1964 656 2036 sequentibus
684 1961 798 2036 <νὸ>
825 1962 939 2023 τοιόνδε
973 1964 1122 2039 16661116,
1158 1965 1234 2036 quia

59 2076 173 2136 τοιόνδε
207 2079 368 2138 obiectum
403 2079 463 2137 est.
505 2077 543 2136 Ut
572 2092 692 2152 semper
724 2074 880 2155 ἀγαθόν
911 2099 953 2149 rc,
981 2075 1102 2135 καλόν
1125 2098 1158 2134 νι
1181 2080 1232 2136 etc.

56 2193 265 2268 scribendum,
289 2208 362 2251 cum
385 2192 533 2252 uocabulo
555 2192 609 2251 illa
632 2192 692 2251 siue
716 2191 885 2252 subiectum
904 2192 964 2251 stoc
984 2191 1132 2250 obiectum
1150 2195 1232 2265 sual,

55 2307 101 2365 iia
123 2309 149 2364 et
171 2303 210 2364 τὸ
233 2304 402 2380 τοιόνδε,
425 2303 464 2363 τὸ
488 2312 679 2364 τοιοῦτον
702 2305 762 2364 sive
786 2304 974 2364 τοιοῦτόν
996 2327 1029 2362 τι
1051 2304 1233 2377 requiritur.

56 2420 94 2478 In
119 2420 182 2478 475
207 2419 231 2477 11
255 2419 312 2478 ult.
345 2421 389 2488 (et
415 2420 478 2478 476
503 2418 541 2488 A)
574 2433 638 2478 non
666 2433 746 2492 opus
770 2420 819 2477 est
844 2420 881 2477 ut
908 2415 1117 2491 <νὸ>καλὸν
1141 2417 1233 2477 corri-

58 2547 185 2605 gamus
217 2532 293 2603 quia
325 2530 391 2591 illic
414 2528 505 2589 καλὸν
528 2530 688 2604 significat
712 2531 981 2604 pulchritudinem
1009 2529 1145 2605 (κάλλος),
1171 2546 1234 2589 uou

59 2645 180 2717 aliquid
211 2645 346 2717 pulchri.
372 2644 418 2704 Ob
442 2645 578 2704 eandem
603 2659 735 2703 causam
762 2644 859 2703 verba
882 2639 927 2718 ὄν,
950 2641 989 2719 μὴ
1014 2641 1059 2719 ὄν,
1083 2641 1235 2715 δοξαστόν,

58 2755 190 2835 γνωστὸν
214 2757 399 2817 substantioe
422 2758 492 2817 sine
516 2757 651 2817 articulo
672 2758 768 2817 scribi
788 2759 933 2831 possunt.
956 2758 1039 2818 Hinc
1059 2760 1149 2832 patet
1163 2773 1193 2826 v,
1206 2773 1232 2817 c.

59 2871 122 2930 368
148 2870 176 2928 A
207 2870 461 2953 Herwerdenum
493 2871 676 2930 rectissime
708 2871 887 2929 correxisse
918 2869 1131 2942 θεῖόν<νι>,
1159 2883 1234 2928 cum

57 2987 142 3041 θεῖον
168 2983 238 3042 sine
262 3005 288 3040 νι
312 2982 472 3055 significet
495 2981 527 3040 νὸ
551 2987 647 3058 θεῖον,
670 2984 754 3055 quod
778 2982 856 3042 illud
880 2983 1019 3042 fratrum
1042 2998 1100 3056 par
1124 3003 1234 3041 πεπον-

59 3095 144 3155 θέναι
180 3098 328 3157 Socrates
364 3098 468 3156 dicere
503 3112 567 3155 non
602 3098 716 3169 potuit.
745 3131 784 3139 -
814 3097 887 3156 Mox
923 3097 992 3156 dele
1028 3095 1232 3170 participium

57 3206 185 3269 ἐθέλωνε
222 3210 364 3283 primum
407 3210 440 3269 in
476 3209 589 3269 multis
624 3211 712 3270 codd.
750 3212 826 3270 ante
861 3208 958 3267 πάντα
993 3209 1137 3284 positum
1173 3211 1233 3282 est,

59 3323 171 3382 deinde
202 3324 429 3397 requireretur,
461 3323 489 3381 si
521 3337 639 3382 sanum
671 3325 769 3397 esset,
806 3318 1031 3397 <ὁ>ἕθὲλων,
1056 3322 1234 3393 deniquee

61 3436 271 3510 sequentibus
292 3436 326 3495 in
350 3436 376 3495 D
408 3438 497 3509 patet
529 3437 591 3496 duo
615 3436 708 3517 'inter
731 3451 767 3494 se
790 3437 915 3510 opponi,
939 3450 1055 3508 nempe
1078 3431 1110 3492 τὸ
1135 3430 1235 3509 ἀληθῆ

61 3549 154 3629 λέγειν
189 3551 221 3608 61
253 3546 283 3606 τὸ
315 3545 501 3606 ἀποδιδόναι.
537 3549 638 3608 Verba
665 3545 732 3607 οὔτε
756 3544 1114 3618 δίκαιος....νἰποδιδνὺς
1137 3546 1236 3618 igitur

10 3675 39 3738 Ι)
63 3663 94 3723 ἐν
118 3657 295 3739 πνρενθέσει
319 3661 425 3735 posita
453 3664 539 3721 sunt.
565 3655 584 3743 ΙΙ
609 3663 646 3721 In
670 3662 784 3721 multis
809 3662 897 3722 codd.
922 3676 978 3734 pro
1001 3657 1055 3737 χρὴ
1079 3658 1235 3740 Σιμωνίδῃ

62 3777 194 3837 ridicule
226 3772 368 3854 χρήσιμον
400 3770 459 3851 ἤδη
490 3775 647 3849 scriptum
679 3777 732 3850 661Ι
753 3774 892 3835 librariis
912 3774 1103 3849 saepissime
1127 3773 1160 3831 in
1184 3787 1234 3830 no·

65 3889 206 3948 minibus
236 3889 372 3963 propriis
403 3889 628 3949 titubantibus.
655 3923 693 3931 -
727 3890 810 3950 Illud
842 3887 913 3966 ὑμῖν
944 3891 1017 3963 post
1047 3886 1236 3965 παραδίδωμι

62 4005 191 4063 tantum
224 4002 388 4063 Socratem
422 4005 454 4063 et
485 4003 733 4063 Polemarchum
761 4003 890 4078 indicat,
915 4003 955 4062 cf.
980 4018 1030 4062 ex.
1057 4017 1103 4073 gr.
1128 4000 1235 4073 Lysid.

64 4117 124 4174 221
151 4117 175 4174 li
206 4112 323 4191 ὑμεῖς
355 4113 412 4194 ἄρα
443 4116 470 4175 εἰ
499 4115 581 4191 φίλοι
611 4114 724 4175 ἐστὸν
756 4113 890 4192 ἀλλήλοις
922 4120 979 4173 κτλ.
1013 4115 1163 4175 Praestat
1186 4113 1237 4172 hic

63 4229 198 4300 aliisque
233 4229 266 4287 in
297 4223 386 4304 locis,
418 4231 472 4289 ubi
505 4230 599 4302 vulgo
635 4228 747 4288 οὐκοῦν
782 4230 920 4303 ponitur,
953 4224 1064 4286 οὔκουν
1097 4227 1236 4287 scribere

63 4343 165 4402 altero
196 4342 457 4415 interrogationis
491 4343 583 4414 signo
614 4345 687 4415 post
718 4342 823 4415 ipsam
854 4340 1047 4414 particulam
1083 4340 1236 4401 collocato

64 4457 121 4525 (sic
153 4451 421 4526 61666ν;......;).
454 4455 566 4528 Ellipsi
600 4454 685 4513 enim
711 4453 824 4513 Graeci
847 4453 879 4511 in
904 4453 963 4511 boc
986 4453 1118 4526 rogandi
1143 4455 1236 4512 modo

64 4569 238 4628 utebantur
270 4568 427 4640 plenaque
459 4568 561 4627 oratio
589 4568 668 4626 haec
695 4566 778 4626 foret
808 4561 920 4624 οὔκουν
944 4563 976 4624 τὸ
1000 4573 1120 4643 πρᾶγμα
1144 4563 1243 4632 elices
