3000 5018
537 109 711 190 LIBER
742 109 996 192 TERTIUS.

117 620 197 683 lanu.

221 730 341 791 Veneti
372 732 439 792 cod.
465 731 476 792 1
499 734 728 806 argumentum
757 729 810 791 libi
833 733 880 791 ΙΙΙ
904 746 968 792 666
991 732 1076 793 ultra
1099 747 1129 806 p.
1153 731 1216 793 389
1237 731 1263 790 D
1286 746 1353 805 pro·

174 844 276 920 cedit,
301 844 376 916 quia
396 845 469 904 inde
493 845 532 905 ab
556 842 627 922 ὑμῖν
651 849 713 916 ταῖς
737 844 868 916 νεανίαις
892 852 955 915 πῶς
978 861 1023 904 m.
1048 859 1111 905 sec.
1136 845 1258 920 incipit.

117 927 143 994 Β
223 958 340 1019 Stallb.
372 958 481 1029 (1858)
513 973 588 1018 cum
619 958 765 1019 Schneid.
798 959 909 1019 Herm.
938 959 972 1018 et
994 958 1110 1017 ceteris
1134 957 1224 1019 editt.
1249 973 1354 1019 recen·

172 1071 268 1132 tibus
301 1068 374 1148 ἀδεῆ
398 1087 454 1146 pro
477 1069 550 1130 ἀδεᾶ
573 1072 658 1133 male
682 1072 833 1133 defendit.
859 1071 1030 1132 Platonem
1052 1071 1160 1132 Attice
1184 1071 1354 1146 scripsisse

171 1182 244 1246 iam
279 1200 376 1261 saepe
406 1186 604 1247 monuimus.
637 1219 676 1228 -
709 1186 808 1246 Recte
839 1201 918 1245 mox
957 1184 1103 1246 Schneid.
1141 1181 1208 1262 περὶ
1243 1185 1355 1244 τούτων

170 1307 235 1357 τῶν
257 1297 367 1374 μύθων
387 1313 462 1358 cum
481 1295 586 1377 λέγειν,
602 1313 666 1359 666
686 1313 761 1359 cum
782 1295 944 1356 ἐπιστατεῖν
965 1299 1141 1374 coniunxit,
1164 1301 1200 1359 ut
1222 1297 1352 1373 Gampb.

171 1408 265 1471 fecit.
299 1411 440 1471 Delenda
470 1413 583 1472 autem
607 1413 684 1471 sunt
707 1412 805 1472 verba
827 1418 886 1470 τῶν
910 1410 1029 1487 μύθων,
1053 1426 1127 1471 cum
1152 1414 1266 1486 poetae
1290 1427 1354 1471 non

170 1525 215 1587 de
250 1525 368 1586 fabulis
398 1523 433 1584 τὰ
465 1523 496 1585 ἐν
518 1522 624 1586 Ἅιδαν
655 1527 910 1587 describentibus
934 1522 1027 1604 λέγειν
1051 1525 1187 1600 soleant,
1212 1525 1268 1584 sed
1293 1525 1355 1599 ipsi

117 1616 141 1685 U
169 1635 252 1698 Orci
275 1639 502 1700 territamenta
524 1642 666 1700 narrent.
692 1632 711 1723 ΙΙ
736 1640 847 1700 Herm.
879 1640 961 1700 Bait.
992 1639 1215 1710 Stallb.(l858)
1242 1637 1351 1713 (lamp.

169 1765 255 1812 cum
291 1753 401 1826 paucis
436 1753 524 1814 codd.
561 1754 641 1824 (Par.
673 1753 711 1828 A,
735 1752 814 1813 Ven.
848 1755 868 1828 1,
900 1752 984 1821 aliis)
1017 1753 1114 1813 verba
1142 1746 1165 1836 ᾧ
1190 1750 1230 1829 μὴ
1255 1752 1355 1831 βίαιος

166 1863 272 1936 πολὺς
305 1863 349 1936 εἴη
377 1866 566 1927 omiserunt.
594 1865 678 1927 Oasu
703 1881 741 1926 ea
768 1867 916 1926 excidere
939 1867 994 1940 pot
996 1866 1084 1925 uisse
1108 1862 1261 1949 ἀαληρῳ
1251 1859 1273 1924 ὧ
1284 1911 1354 1924 .....

166 1978 220 2056 εἴη
254 1974 275 2054 ἦ
307 1980 394 2039 recte
417 1979 563 2040 Schneid.
589 1979 725 2039 monuit.
749 1980 936 2039 tectionem
960 1971 1079 2036 ltnooc'
1107 1974 1272 2054 ἀνδρόνηαα
1296 1980 1354 2050 (sic

165 2088 259 2154 Bkk.
295 2092 407 2154 Herm.
435 2093 501 2162 alii)
532 2107 588 2166 pro
613 2088 759 2169 adportet
786 2105 900 2151 omnes
923 2089 1069 2149 Platonis
1093 2092 1126 2150 et
1150 2089 1215 2149 fere
1240 2105 1354 2150 omnes
1399 2161 1402 2169 ¹

172 2204 316 2268 Homeri
339 2206 428 2266 codd.
454 2206 617 2266 exhibent.

117 2303 145 2374 [t
221 2319 313 2380 Usus
346 2319 434 2379 verbi
466 2306 665 2396 ὀνομάζεσθαι
696 2335 723 2379 6.
756 2317 899 2392 geniti.
925 2331 952 2376 6.
981 2316 1112 2392 „referri
1135 2316 1221 2376 inter
1243 2332 1353 2379 nume·

176 2433 262 2494 rum’
267 2433 387 2493 ’hisce
412 2434 573 2508 exemplis
596 2433 793 2494 illustretur:
818 2432 951 2491 Isocrat.
979 2432 1029 2491 18.
1055 2427 1354 2511 1011αανφνγόν-

176 2568 237 2607 των
262 2541 471 2623 ὀνομάζεσθαι,
495 2547 639 2621 Sophotl.
664 2546 699 2608 Ο.
721 2546 758 2606 R.
782 2545 866 2616 1042
890 2551 948 2602 τῶν
972 2543 1072 2603 Λαΐου
1097 2543 1196 2621 δηπου
1217 2567 1259 2616 τις
1280 2541 1355 2604 ὠνο-

173 2660 585 2736 μάζειν-0611616666]
610 2660 698 2720 codd.
723 2656 857 2730 1661.ας
877 2654 968 2716 οἴεται
987 2671 1044 2730 pro
1064 2654 1104 2727 ὡς
1124 2650 1189 2718 οἷόν
1208 2679 1238 2718 νε
1257 2674 1353 2718 nemo

177 2777 247 2835 iure
271 2774 401 2849 recepit.
430 2774 464 2834 si
487 2774 582 2847 vulgo
606 2774 758 2847 suscepta
781 2772 916 2834 lectio‘
900 2798 940 2846 ας
965 2768 1031 2835 οἷόν
1054 2797 1093 2852 τε,
1116 2789 1213 2848 quam
1240 2773 1351 2833 Herm.

178 2891 211 2949 et
236 2888 349 2949 stallb.
374 2888 482 2958 (1858)
516 2887 742 2962 „languidam”
768 2887 885 2948 iniuria
909 2890 1075 2962 vocarunt,
1100 2902 1164 2946 non
1188 2901 1268 2946 sana
1293 2888 1352 2960 est,

178 3017 256 3062 cum
288 3003 328 3063 ll.
354 2993 470 3062 Hertz⁰
495 3001 611 3071 (Fleck.
636 3001 705 3061 Jbb.
733 3001 817 3061 1872
843 3002 892 3062 bd.
921 3003 993 3070 105)
1018 3001 1117 3060 verba
1141 2995 1180 3070 ὡς
1204 2997 1294 3056 οἴεται
1317 3001 1354 3057 61

175 3113 454 3175 exclamationem
490 3113 620 3175 lectoris
655 3113 850 3173 declarantis
885 3114 948 3187 ipsi
980 3113 1036 3172 illa
1064 3112 1196 3171 nomina
1226 3111 1353 3170 nullum

171 3231 335 3289 terrorem
366 3229 520 3303 incutere,
549 3227 684 3288 delenda
715 3227 818 3286 erunt.
851 3225 1001 3285 Virorum
1032 3226 1081 3285 dd.
1115 3225 1307 3286 coniecturis
1334 3240 1353 3284 a

170 3340 308 3404 Baitero
332 3341 531 3402 enumeratis
553 3340 691 3401 accessit
715 3324 844 3413 (lampbi
868 3334 907 3408 ὡς
931 3335 1351 3414 ἐτεά-1660661666
