3000 5018
738 264 800 323 149

183 443 279 524 1893)
316 447 609 522 interpunctionem
644 449 835 511 mutandam
868 452 995 511 censuit
1031 453 1065 512 in
1098 453 1183 512 hunc
1222 450 1356 511 modum

180 559 218 619 Τί
247 555 280 619 δὲ
312 557 367 636 ‘5⁷53
398 552 482 620 εἷσον
506 577 512 590 ·
537 558 573 619 τὰ
600 559 666 640 περὶ
688 561 739 621 τὸν
762 560 901 640 πόλεμον,
922 572 985 635 πῶς
998 610 1084 622 .....
1107 549 1357 643 πολεμίους,’ἇρα

174 676 249 750 nvi,
275 673 385 746 itaque
408 673 508 733 verba
530 682 593 745 σῶς
606 720 692 734 .....
717 673 876 751 πολεμίους
900 676 1080 749 explicandi
1103 677 1208 750 gratia
1231 677 1356 748 adiecta

172 803 252 848 esse
267 782 299 858 ¹).
315 819 354 830 -
369 786 566 847 Particulam
590 783 628 845 ἂν
651 788 685 847 in
707 783 774 848 τοῖ’
805 784 842 847 iio
867 786 927 867 (sic
946 789 1061 863 optimi
1081 790 1170 851 codd.
1191 791 1224 850 et
1243 790 1356 850 iudea

170 900 324 962 Bekkero
355 914 469 960 omnes
484 892 507 976 ²)
536 901 626 960 editt.
650 903 779 975 praeter
804 901 936 961 Aetium
960 899 1122 975 legentem
1146 905 1246 973 τοῖσι)
1270 903 1356 963 idem

172 1031 206 1075 v.
241 1014 271 1074 d.
303 1013 356 1073 hic
378 1012 453 1072 feni
477 1028 540 1073 non
565 1029 660 1089 posse
684 1016 771 1075 recte
795 1014 1050 1075 demonstravit:
1074 1031 1150 1076 cum
1174 1016 1262 1076 enim
1286 1009 1354 1074 τοῖ’

173 1128 274 1188 unice
309 1127 349 1187 ad
383 1148 434 1203 μοι
466 1126 678 1202 καταφαίνεται
713 1128 824 1188 referri
855 1128 968 1204 possit,
1000 1129 1092 1188 nobis
1124 1144 1188 1189 non
1217 1129 1294 1189 licet
1317 1130 1357 1190 ad

172 1235 243 1301 ποῖ’
270 1236 309 1299 tv
322 1242 443 1302 mente
465 1241 613 1315 supplere
637 1239 682 1318 εἴη
707 1239 743 1300 τὰ
766 1239 813 1301 σοὶ
840 1240 1086 1319 καταφαινόμενα
1115 1239 1174 1320 (sic
1203 1242 1356 1320 Gampb.),

173 1355 254 1430 quia
288 1355 437 1416 Socrates
472 1356 670 1415 sententiam
706 1370 802 1416 suam
836 1355 903 1416 iam
940 1357 995 1416 diu
1025 1358 1175 1430 paratam
1207 1357 1356 1418 habebat.

174 1468 335 1529 Richards
368 1468 478 1540 itaque
513 1465 589 1546 (non
623 1468 825 1542 improbante
861 1466 1008 1542 dampb0)
1044 1470 1083 1528 ci.
1117 1474 1189 1529 τοῖα
1220 1467 1269 1546 δή,
1300 1485 1358 1543 ego

178 1585 292 1644 autem
326 1580 413 1642 malo
443 1589 486 1664 τῇ
517 1578 566 1659 (V.
598 1581 633 1652 L)
665 1579 712 1658 δή.
745 1581 864 1642 Statim
894 1583 968 1656 post
993 1582 1217 1655 corrigendum
1243 1598 1357 1644 censeo

180 1694 281 1757 αὐτῶν
303 1692 363 1771 μὴν
386 1708 443 1768 pro
466 1717 495 1754 α.
519 1690 583 1770 μέν.
608 1728 650 1736 -
676 1693 757 1755 (ilar.
779 1694 991 1755 Leeuwenius
1013 1690 1087 1771 (Mn.
1111 1695 1206 1772 1890,
1227 1712 1257 1770 p.
1280 1693 1356 1774 263)

178 1826 234 1885 pro
269 1805 393 1870 θέλουσι
427 1808 570 1882 reposuit
604 1804 713 1885 ἑλοῦσι,
744 1809 827 1882 quod
857 1805 981 1868 θέλουσι
1019 1824 1079 1870 nec
1118 1825 1193 1870 cum
1228 1814 1357 1889 χρῆσθαι

179 1925 268 1997 iungi
299 1939 402 1998 neque
433 1923 580 1985 absolute
613 1924 706 1994 (mire
730 1922 861 1998 campo.
887 1925 927 1984 ad
950 1920 1074 1984 θέλουσι
1097 1925 1249 1985 subaudit
1272 1922 1357 2002 ἔχειν)

181 2038 324 2112 positum
347 2038 423 2098 ferri
445 2037 565 2112 possit;
589 2036 736 2111 perficies
760 2037 1032 2113 emendationem,
1057 2038 1086 2096 si
1110 2038 1208 2097 verba
1227 2046 1262 2119 τῇ
1282 2033 1357 2119 ἄγρα

137 2147 160 2213 Β
181 2153 355 2229 expuleris,
379 2153 455 2226 quia
479 2168 498 2213 a
518 2150 635 2212 διδόναι
654 2152 772 2226 pendet
791 2150 972 2211 infinitivus
990 2155 1120 2230 χρῆσθαι
1140 2154 1195 2221 (sc.
1217 2148 1319 2234 αὐτῷ).
1336 2141 1354 2234 Η

182 2267 252 2328 Par.
288 2267 317 2326 A
351 2266 457 2327 exhib.
492 2263 521 2324 τί
554 2262 603 2324 δαὶ
637 2258 667 2324 δ’
702 2251 864 2341 ἐξιῶθῆναι
895 2280 969 2324 cum
1001 2287 1046 2344 γρ.
1077 2264 1107 2323 τί
1136 2259 1168 2323 δὲ
1199 2262 1357 2343 ἐξιαθῆναι

182 2396 201 2441 a
224 2395 268 2440 m.
293 2395 318 2439 6.
342 2414 381 2424 -
403 2380 480 2440 Par⁰
501 2379 530 2438 A
549 2357 714 2439 omittenti
734 2375 784 2436 καὶ
804 2379 898 2451 (quod
918 2379 952 2438 in
970 2379 1049 2440 Van.
1065 2381 1098 2436 Π
1107 2395 1171 2439 aon
1183 2378 1356 2459 omissum)

181 2495 256 2554 ante
276 2490 382 2571 μηδενὶ
401 2493 576 2567 paruerunt
595 2492 657 2551 Ast
673 2491 767 2552 Schn.
793 2491 904 2552 Herm.
917 2492 1037 2569 Baiter,
1050 2493 1134 2565 quod
1146 2495 1356 2570 probandum,

182 2609 258 2682 quia
287 2608 396 2682 procul
419 2607 515 2667 dubio
537 2605 678 2679 alioquin
702 2606 793 2666 Plato
817 2605 997 2680 scripturus
1020 2606 1126 2667 fuerat
1149 2601 1223 2684 μηδ’
1251 2605 1357 2678 ἐξεῖναι

138 2708 290 2798 Ομηδενί
318 2724 376 2779 κτλ.
400 2712 420 2803 ΙΙ
445 2720 608 2780 Herwerd.
641 2719 713 2788 (Mn.
748 2720 843 2795 1883,
877 2716 1072 2796 dubitanter)
1101 2720 1200 2780 verba
1227 2718 1300 2797 τορὸς
1324 2718 1356 2778 τὸ

183 2835 297 2895 abesse
321 2834 458 2909 mavult,
482 2835 569 2893 recte
592 2834 687 2906 puto;
713 2826 752 2892 cf.
777 2832 937 2905 Euthyph.
966 2832 1005 2890 14
1029 2832 1064 2891 B.
1081 2832 1186 2892 Locus
1206 2833 1239 2892 in
1258 2834 1354 2907 Legg.

129 2934 160 3002 [i
184 2950 248 3008 666
271 2948 300 3007 Α
322 2945 500 3025 προθύμους
523 2937 599 3004 εἶναι
621 2941 695 3023 πρὸς
718 2940 768 3013 τὰς
789 2941 867 3025 ᾠδάς
888 2944 951 3004 huc
970 2959 1034 3004 non
1054 2945 1203 3018 pertinet.
1225 2937 1245 3028 ΙΙ
1264 2947 1355 3008 Dete·

179 3061 302 3122 riorum
322 3032 411 3119 codd.
431 3058 487 3118 alii
506 3058 615 3118 Aiacis
634 3072 753 3117 nomen
774 3057 939 3132 omittunt,
952 3058 1071 3118 inaliis
1084 3074 1148 3119 vox
1160 3059 1318 3120 incertam
1334 3054 1355 3129 ³)

181 3174 293 3234 sedem
316 3172 423 3248 habet,
443 3172 528 3232 sicut
546 3172 579 3231 in
600 3171 722 3244 aliquot
742 3170 955 3243 Hermogenis
967 3171 1055 3231 codd.
1066 3189 1074 3245 ;
1088 3172 1116 3230 si
1130 3174 1354 3249 voxgenuina,

181 3289 272 3349 artic.
302 3284 354 3346 τὸν
384 3288 459 3346 ante
490 3283 727 3362 εὐδοκιμήσαντα
757 3284 922 3360 delendus,
954 3285 1006 3344 sin
1039 3286 1158 3362 spuria,
1188 3287 1270 3360 quod
1293 3303 1356 3347 noa

181 3401 296 3476 dubito,
328 3400 539 3474 expungenda
571 3400 604 3458 et
633 3398 805 3470 legendum
838 3399 889 3457 est
916 3395 966 3457 τὸν
987 3396 1083 3458 addon.
1112 3397 1233 3465 <τὸι>
1263 3397 1293 3458 ἐν
1317 3410 1355 3479 τῷ

181 3510 307 3597 πολέμῳ.
332 3513 405 3573 Mox
429 3512 652 3587 corrigendum
676 3507 799 3571 estuat
827 3507 931 3584 <ἐν>
958 3516 1018 3582 τοῖς
1040 3511 1185 3582 τοιούτοις
1209 3514 1242 3572 66
1261 3513 1356 3586 paulo

129 3623 161 3694 {t
185 3630 258 3704 post
280 3625 377 3702 νυνδὴ
400 3626 614 3686 scribendum.
640 3616 659 3707 Η
684 3624 922 3685 Herwerdenus
946 3621 1020 3701 (Mn.
1048 3622 1145 3702 1883)
1166 3626 1199 3685 et
1219 3624 1357 3686 Cobetus

183 3744 270 3814 (nota
289 3738 365 3819 ms.)
384 3755 463 3800 corr.
478 3735 525 3797 ἐστὶ
537 3747 671 3818 στρατιᾶς
685 3737 742 3808 (sic
755 3737 826 3797 Par.
840 3737 896 3811 A);
918 3736 1018 3797 etiam
1031 3737 1063 3796 in
1077 3738 1140 3798 468
1153 3738 1179 3796 Β
1192 3739 1355 3799 Herwerd.

183 3863 316 3934 στρατιᾶς
345 3854 536 3926 requirebat.
561 3855 605 3912 At
627 3852 720 3912 unice
744 3848 894 3930 στρατείας
918 3867 1031 3911 verum
1057 3853 1117 3927 est,
1141 3851 1204 3912 vid.
1228 3851 1355 3911 Ruhnk.

184 3969 223 4029 ad
246 3968 329 4028 Tim.
354 3968 431 4028 Lex.
455 3983 485 4041 p.
511 3967 575 4026 240
600 3967 632 4025 et
656 3965 824 4025 Helierum
847 3965 880 4025 in
906 3964 997 4025 Curis
1022 3963 1097 4023 Orit.
1121 3979 1151 4037 p.
1179 3965 1229 4025 19.

217 4234 237 4301 1)
255 4237 282 4284 Si
300 4237 362 4296 quid
379 4235 540 4292 mutandum,
559 4236 627 4294 quod
644 4238 730 4283 tamen
748 4250 799 4283 non
816 4237 889 4295 puto,
906 4235 942 4281 sic
959 4231 1106 4291 interpungi
1124 4231 1223 4289 potest:
1239 4234 1262 4276 ci
1276 4230 1300 4275 di
1315 4231 1356 4289 ip,-

183 4311 254 4364 οἷκον
280 4316 310 4362 τὰ
332 4315 384 4378 mpl
408 4313 448 4360 viv
465 4317 567 4374 πόλιμον
583 4323 678 4369 nere...
696 4320 831 4373 πολεμίους,Ι
849 4310 895 4378 ἆρα
912 4317 957 4359 κτλ.
976 4313 992 4357 i.
1011 4323 1033 4357 θ.
1052 4312 1192 4369 „quantum
1211 4309 1242 4356 ab
1260 4309 1356 4356 bellum

184 4397 276 4444 attinet
292 4402 340 4448 πῶς
357 4393 420 4441 τιτλ.”

218 4471 237 4535 ²)
255 4475 360 4523 Necnon
374 4472 465 4521 sulib.
484 4473 557 4520 1858.

216 4549 239 4617 ³)
255 4555 318 4602 Post
335 4556 487 4616 γιραιρισθαι
506 4552 629 4601 collocate
647 4553 694 4598 est.
