3000 5018
709 258 770 318 145

148 437 241 521 λέγειν
265 439 302 501 τὸ
322 439 392 519 ἐμὸν
411 440 466 503 ,καὶ
488 441 527 503 τὸ
551 441 622 503 οὐκ
645 440 738 520 ἐμὸν
757 441 868 521 καὶμὴ
887 442 919 504 rb
939 441 992 522 μὲν
1011 441 1111 522 ἄλλον,
1128 443 1161 505 τὸ
1181 440 1214 504 δὲ
1232 442 1322 506 ἄλλον

149 561 206 613 τῶν
240 559 377 615 πολιτῶν.
408 557 513 618 Verba
542 555 618 616 κατὰ
647 556 739 618 ταύτὰ
770 560 810 619 ad
840 555 1031 639 φθέγγωνται
1052 561 1223 635 pertinent.
1248 559 1321 619 Mox

127 676 130 684 '
150 668 253 729 eidem
266 669 487 744 interpolatori
500 672 597 732 verba
610 669 657 731 ἐπὶ
668 671 701 732 πὸ
714 670 787 732 adid
799 673 983 749 reddantur,
996 674 1321 748 interpretamentum

149 783 314 855 sequentis
345 782 419 842 κατὰ
446 783 543 845 ιαάιό.
575 788 746 847 Praeterea
774 788 877 846 bonus
901 787 1030 847 Atticus
1054 787 1189 861 scriptor
1212 783 1259 844 ἐπὶ
1283 795 1321 867 νῷ

149 892 226 978 αὐτῷ
259 879 411 973 dedisset,
444 899 528 959 sicut
559 915 687 974 semper
717 904 888 975 λυπεῖσθαι,
909 898 1021 977 χαίρειν
1045 895 1094 957 ἐπί
1114 920 1171 956 τινι
1195 899 1320 958 dicitur.

151 1007 292 1070 (lornarii
321 1011 491 1072 inventum
518 1010 592 1091 πρὸς
624 1011 711 1073 ιαάιὸ
742 1028 798 1088 pro
827 1009 874 1071 ἐπὶ
897 1008 986 1072 ιαάιὸ
1009 1011 1234 1087 grammatica,
1258 1026 1322 1071 non

150 1124 311 1184 sententia
334 1127 588 1186 commendatur.
613 1126 692 1187 Vide
715 1127 822 1187 simile
845 1127 1171 1201 interpretamentum
1192 1125 1323 1184 anobis

150 1252 177 1310 p.
211 1237 275 1298 436
307 1238 343 1314 B,
375 1239 400 1298 El
431 1240 676 1313 deprehensum.
710 1274 750 1283 —
779 1241 857 1300 Post
881 1236 1047 1317 ἀνθρώπου
1071 1237 1127 1316 ἔχει
1151 1238 1323 1298 Schneider

149 1353 234 1416 recte
264 1352 415 1425 interrog.
444 1353 573 1426 signum
597 1354 705 1428 posuit
728 1355 857 1426 propter
881 1352 1053 1413 Glauconis
1077 1353 1175 1413 verba
1197 1352 1231 1411 in
1254 1352 1272 1421 8
1295 1351 1322 1410 D

149 1461 302 1524 καὶτοῦτο
323 1461 339 1524 ὃ
359 1462 475 1549 ἐρωτᾷς.
496 1501 534 1508 -
558 1467 607 1526 Ad
628 1468 725 1526 verba
746 1464 817 1524 ὅταν
833 1486 892 1525 που
905 1461 990 1542 ἡμῶν
1003 1465 1147 1537 δάκτυλός
1159 1488 1211 1525 ιου
1224 1469 1322 1547 πληγῇ

149 1581 196 1637 ιιιλ
224 1579 409 1639 Lrnnnsnus
435 1582 468 1639 et
494 1580 549 1641 Fa.
578 1581 848 1640 Poscnnuarnonn
881 1576 931 1657 (de
959 1595 1021 1652 quo
1045 1580 1117 1639 vide
1141 1580 1181 1639 ad
1206 1579 1269 1638 405
1283 1577 1321 1655 1))

149 1692 311 1754 contulere
335 1695 540 1769 Hippocratis
563 1697 720 1770 scriptum
748 1697 811 1772 „De
835 1695 914 1756 locis
939 1695 972 1755 in
995 1695 1126 1754 homine
1151 1709 1178 1753 c.
1202 1693 1250 1753 l.’'

101 1778 128 1847 Β
192 1808 285 1868 Unus
309 1808 456 1870 Schneid.
481 1826 507 1870 c.
533 1810 647 1869 multis
670 1810 759 1871 codd.
785 1811 817 1870 et
841 1809 977 1869 Stobaeo
1001 1808 1075 1881 post
1093 1814 1152 1865 τῶν
1171 1802 1322 1885 ἀρχόντων

148 1921 238 1982 artic.
259 1931 317 1980 τῶν
337 1923 457 1999 omisit,
480 1922 575 1984 male.
596 1925 633 1984 In
653 1925 724 1984 Par.
745 1924 774 1983 A
796 1923 922 1983 videtur
941 1922 1090 1982 librarius
1110 1920 1160 1980 bis
1172 1916 1322 1998 ἀρχόντων

147 2035 298 2110 deinceps
318 2037 504 2111 scripsisse;
524 2051 674 2097 rasuram
694 2038 864 2109 quinquies
885 2037 976 2109 signo
993 2034 1150 2109 ÷p0sito
1162 2033 1320 2110 implevit.

146 2149 184 2209 In
207 2147 227 2224 ξ
252 2149 277 2208 Ε
300 2149 371 2223 lege
394 2148 500 2225 νυνδή.

101 2233 127 2301 Α
193 2263 271 2322 Dele
293 2264 367 2336 post
391 2258 490 2340 ὀρθῶς
513 2284 546 2343 με
570 2264 703 2324 verbum
729 2260 842 2340 ἔφαμεν
867 2265 910 2333 (et
932 2264 965 2323 in
988 2263 1006 2331 8
1027 2263 1053 2321 Β
1077 2264 1150 2337 post
1173 2259 1232 2338 ἔφη
1256 2277 1324 2321 ver·

101 2347 127 2413 B
148 2377 226 2437 bum
247 2373 498 2456 ὡμολογήσαμεν),
516 2379 591 2451 quia
606 2400 638 2458 με
650 2379 717 2439 iam
730 2376 890 2463 significat
902 2374 1015 2454 ἔφαμεν
1028 2393 1089 2437 usu
1106 2377 1287 2436 notissime.
1306 2369 1320 2457 ll

150 2491 175 2550 Ε
195 2490 426 2551 recentioribus
446 2491 536 2552 editt.
557 2469 644 2551 unus*
662 2491 834 2552 Schneider
852 2494 888 2561 (c.
908 2489 1007 2566 Bkk0)
1028 2490 1097 2549 Vam
1117 2486 1323 2568 Lopoloyoo-

101 2574 202 2680 ”pru
226 2603 311 2663 male
334 2606 449 2664 tenuit.
476 2594 495 2686 ΙΙ
520 2604 722 2678 Optimorum
747 2606 835 2666 codd.
859 2605 933 2666 lect.
958 2601 989 2663 πὸ
1010 2599 1103 2681 μηδὲν
1123 2602 1202 2661 ἴδιον
1221 2599 1321 2678 ἀπῆσ-

147 2721 203 2775 θαι
233 2717 366 2776 tandem
397 2716 568 2789 aliquando
600 2718 633 2777 et
664 2718 775 2778 Stallb.
809 2718 918 2788 (1858)
944 2732 1057 2777 veram
1081 2731 1153 2776 esse
1177 2715 1319 2787 agnovit.

148 2828 222 2889 Mox
255 2830 376 2902 corrige
404 2827 527 2906 ὑπάρξει
548 2845 606 2903 pro
628 2830 801 2905 praesenti,
826 2845 901 2889 cum
924 2830 1095 2903 praecedat
1118 2824 1265 2904 alpinam
1289 2828 1322 2887 et

101 2908 123 2976 Ε
148 2942 181 3001 in
210 2939 231 3017 ξ
259 2942 284 3001 ii
309 2944 464 3015 sequatur
485 2939 535 3000 καὶ
558 2940 618 3019 μὴν
643 2936 713 3001 eddi
722 2985 793 2999 .....
819 2937 856 2999 ἀν
880 2933 947 2999 εἷεν.
972 2933 991 3025 Η
1015 2941 1051 3001 G.
1075 2941 1113 3001 Α.
1138 2940 1320 3013 Hirschigio

148 3051 337 3134 ἀπηλλάχθαι
360 3057 507 3141 spurium
531 3058 710 3132 videbatur,
734 3055 927 3131 rectissime,
952 3071 1027 3116 cum
1050 3057 1123 3130 post
1146 3054 1320 3115 formulam

146 3165 240 3244 πολλι)
270 3164 385 3246 ἀνάμιι)
418 3169 510 3230 Plato
542 3164 769 3245 praegressum
802 3171 936 3230 verbum
968 3168 1079 3229 lectori
1110 3167 1320 3242 repetendum

147 3281 327 3354 relinquere
350 3282 462 3343 soleat.
495 3283 604 3344 Obiter
636 3284 758 3356 corrige
789 3281 910 3352 αἰκείας.
945 3315 985 3324 -
1016 3283 1054 3340 In
1085 3280 1243 3355 proximis
1267 3279 1320 3340 Oo-

147 3394 241 3455 betus
273 3392 438 3472 (probante
470 3396 633 3457 Herwerd.
666 3396 727 3457 Mn.
763 3396 847 3456 1883
880 3397 913 3455 et
938 3392 1034 3472 1891)
1058 3409 1173 3454 vocem
1200 3392 1321 3464 δικαίως

146 3510 233 3569 recte
265 3509 440 3582 expunxit3
472 3509 601 3570 insolite
632 3511 719 3571 enim
752 3509 871 3580 δικαίως
902 3509 955 3569 hic
978 3506 1139 3582 significat
1166 3510 1222 3583 „ut
1245 3508 1322 3568 licet

147 3623 366 3696 exspectare.’'
391 3622 525 3682 Frustra
549 3621 713 3698 (lampbell
737 3624 777 3683 ad
798 3639 909 3684 vocem
930 3623 1164 3683 defendendam
1185 3622 1320 3682 contulit

147 3733 341 3795 locutionem
378 3731 504 3812 (raon)
541 3734 567 3793 εἰ
601 3733 641 3812 με)
676 3733 777 3794 ἀδικῶ.
814 3735 948 3796 Videtur
980 3735 1101 3806 δικαίας
1132 3751 1174 3796 ex
1204 3735 1321 3794 iterato

147 3824 335 3922 praegresso
359 3831 513 3908 vocabulo
538 3847 617 3906 δίκαι
641 3849 748 3908 ortum
773 3863 855 3909 esse.
881 3847 956 3908 Mox
979 3849 1041 3907 Ast
1064 3849 1097 3907 et
1121 3846 1233 3906 Stallb.
1259 3842 1319 3923 (ed.

115 4002 124 4009 -
149 3959 254 4039 Goth.)
283 3961 352 4019 vam
383 3961 408 4020 L
442 3957 642 4041 ἀνάγκην...
666 3958 829 4038 ἐπιμελείας
857 3958 916 4039 (sic
940 3963 973 4022 et
997 3958 1097 4038 Stob.)
1121 3960 1319 4034 receperunt,

149 4075 331 4150 Stephanus
362 4076 474 4136 autem
498 4075 568 4134 Vam
591 4076 616 4135 L
639 4072 819 4158 ἀνάμνμ....
843 4071 1025 4152 discplinam
1049 4076 1083 4134 at
1106 4072 1187 4133 nihil
1210 4073 1321 4146 opinor

148 4189 257 4249 obstat
287 4188 460 4260 quominus
485 4191 687 4272 optimorum
719 4190 808 4251 codd.
836 4190 1008 4249 lectionem
1032 4184 1233 4265 ἀνάγκην...
1259 4181 1321 4243 ἐπι

147 4301 245 4384 μελείμ
277 4306 307 4373 (a
338 4302 470 4375 reliquis
501 4303 592 4364 editt.
624 4300 805 4380 probatam)
837 4301 1017 4376 significare
1049 4314 1144 4374 posse
1167 4300 1321 4373 putemus

150 4410 314 4494 ἀναγκαῖον
345 4411 510 4493 ἐπιμέλειαν
542 4415 685 4494 σωμάτων
714 4413 856 4493 τιθέντες,
875 4416 984 4490 itaque
1016 4429 1090 4475 bam
1122 4413 1320 4488 probandam

149 4543 274 4590 censeo

1215 4633 1243 4678 10
