3000 5018
802 283 845 344 80

234 472 308 552 est),
329 475 363 535 at
386 474 434 534 sic
457 488 520 533 non
542 476 636 535 modo
656 470 750 553 λέγειν
769 476 880 534 mente
900 473 1125 550 supplendum,
1150 474 1208 535 sed
1228 472 1321 535 etiam
1339 496 1380 534 νινι

235 588 287 648 vel
309 610 374 646 τινα
399 584 500 664 (verbi
523 583 616 666 λέγειν
636 584 793 664 subiecto)
813 601 907 660 aegre
928 602 1077 647 caremus
1096 603 1138 648 ne
1158 602 1297 660 sequens
1314 585 1381 659 αὐτὸς

235 701 393 761 referatur
415 702 455 761 ad
478 698 627 759 ἀσκοῦντι.
651 702 821 761 Praeterea
840 701 969 774 Madvig
987 701 1153 775 proposuit
1171 696 1191 780 ἢ
1216 697 1380 772 <ιιλὲονυ>

235 811 309 893 κρὸς
328 818 377 873 uri
398 811 514 892 (deleto
533 815 689 875 nimirum
709 810 843 903 λέγουσι).
864 814 1004 888 Vulgata
1023 816 1135 875 autem
1154 815 1236 876 bene
1252 813 1384 891 sehabet,

236 928 311 988 licet
330 929 492 988 structura
511 929 640 988 mutata
659 929 721 987 sit:
740 925 852 1007 λέγοντι
871 928 996 989 scilieet
1015 929 1173 1004 scriptum
1186 930 1384 1002 esttanquan

235 1057 298 1102 non
318 1041 501 1117 ψεύσασθαι,
523 1042 580 1101 sed
602 1038 780 1126 ψευδομένῳ
803 1043 1044 1116 praecessisset.
1069 1042 1143 1104 Mox
1167 1043 1323 1104 stobaeus
1341 1050 1386 1101 τῶν

236 1157 311 1216 ante
342 1163 460 1214 νοννῶν
490 1155 611 1230 omisit,
643 1155 780 1216 fortasse
808 1158 904 1232 recte,
936 1156 976 1217 ci.
1008 1157 1104 1230 Legg.
1138 1156 1248 1218 737ss
1279 1164 1327 1233 τῆς
1346 1163 1398 1235 γῆς’
1426 1160 1429 1237 t

181 1267 213 1333 Ι)
236 1291 265 1328 τε
287 1267 337 1328 καὶ
360 1268 513 1347 οἰκήσεων,
535 1270 602 1329 Ion.
628 1268 729 1329 538d
751 1276 804 1328 τοῦ
825 1267 955 1345 μάντεώς
974 1290 1003 1328 τε
1023 1266 1073 1328 καὶ
1092 1275 1242 1347 μαντικῆς.
1256 1261 1277 1353 ΙΙ
1290 1261 1388 1331 Par¹A

235 1384 308 1443 lect.
340 1379 516 1462 δημιουργοὶ
545 1384 734 1457 receperunt
764 1382 956 1458 Stephanus,
989 1383 1147 1459 Schneid,
1171 1383 1296 1460 Herm,
1322 1382 1388 1456 quot

234 1497 343 1556 miuus
373 1496 582 1571 probandum.
615 1496 713 1557 Recte
744 1495 810 1556 iere
841 1511 955 1556 omnes
986 1496 1076 1557 editt.
1108 1496 1138 1555 τί
1166 1493 1199 1556 δέ
1229 1512 1287 1572 pro
1308 1495 1334 1555 τί
1352 1492 1390 1554 διδ

233 1611 410 1671 ediderunt.
431 1611 492 1670 Pro
513 1606 564 1668 ἐάν
580 1631 612 1689 νε
632 1610 790 1670 stobaeus
810 1611 843 1670 et
863 1609 985 1683 aliquot
1005 1609 1093 1670 codd.
1115 1606 1223 1688 ἐάνπερ
1243 1609 1388 1682 exhibent,

233 1724 317 1797 quod
347 1724 409 1784 Ast
439 1724 508 1784 iure
539 1723 789 1784 commendavit.
823 1756 864 1766 -
895 1723 1000 1783 Verba
1032 1718 1071 1793 ὡς
1102 1721 1213 1799 πλήθει
1236 1723 1328 1783 aliter
1347 1720 1388 1782 alii

234 1837 493 1910 explicaverunt:
519 1837 664 1897 Schneid.
690 1836 820 1910 Campb.
848 1833 931 1913 (,for
953 1851 972 1896 a
995 1836 1079 1910 body
1102 1835 1137 1896 oi
1157 1834 1269 1913 men'’)
1292 1833 1387 1896 intelli·
1427 1824 1429 1887 ἶ

235 1953 313 2023 gunt
330 1953 497 2025 ,respectu
511 1950 760 2024 multitudinis”,
774 1950 836 2009 Ast
848 1964 923 2009 vero
937 1951 970 2009 et
982 1948 1094 2009 Stallb.
1111 1949 1163 2024 ,in
1176 1947 1387 2022 universum;”

234 2065 394 2139 posterius
426 2065 540 2139 placet,
573 2064 648 2137 quia
678 2079 741 2124 non
773 2064 867 2124 modo
894 2062 985 2137 plebs
1010 2062 1199 2138 etmilites,
1224 2063 1388 2124 sedetiam

233 2177 295 2251 ipsi
318 2177 531 2250 magistratus
555 2176 784 2251 cupiditatibus
807 2176 966 2250 imperare
990 2178 1023 2235 et
1047 2191 1102 2235 eas
1126 2190 1330 2250 compescere
1350 2174 1388 2234 de·

233 2291 318 2350 bent.
345 2284 398 2361 Ὡς
429 2289 539 2366 uirida
561 2289 654 2350 Plato
677 2290 759 2350 dixit
784 2305 849 2349 non
876 2289 1002 2350 diverse
1030 2290 1070 2349 ab
1090 2285 1129 2360 ὡς
1154 2285 1201 2348 iat
1223 2287 1257 2349 τὸ
1281 2291 1388 2366 πλῆθος.

234 2404 382 2463 Praestat
410 2419 484 2463 vero
508 2405 634 2464 vertere
660 2404 830 2479 ,omnibus
853 2403 1070 2479 hominibus,”
1096 2405 1132 2463 ut
1156 2404 1310 2478 appareat
1332 2415 1389 2476 quo·

234 2518 329 2577 modo
351 2517 432 2591 plur.
457 2532 546 2577 num.
570 2514 723 2594 ὑπηκόους
747 2518 838 2590 sequi
857 2517 969 2591 possit.
991 2515 1116 2590 Duplex
1135 2514 1316 2594 σωφροσύνη
1336 2514 1388 2575 est:

235 2631 340 2691 civilis
364 2633 397 2691 et
418 2631 545 2704 privata
569 2627 607 2707 (s.
632 2627 832 2708 domestica).
859 2627 1001 2706 Πολιοικὴ
1026 2646 1100 2704 σοφ.
1124 2629 1165 2689 ad
1184 2644 1267 2689 unos
1287 2620 1391 2707 ἀρχομέ-

234 2766 306 2816 νους
335 2744 474 2818 pertinet
505 2741 557 2822 (ci.
589 2744 739 2818 exempla
769 2744 802 2802 in
833 2741 853 2819 ξ
883 2743 929 2817 It),
961 2739 1093 2819 ὶδιοιιικὴ
1124 2745 1237 2802 autem
1268 2736 1391 2817 capud

234 2874 382 2918 summos
413 2860 446 2919 et
476 2856 615 2933 infimos,
647 2857 859 2930 quamobrem
890 2856 922 2915 in
955 2856 1098 2916 390AB
1130 2870 1177 2928 sq.
1202 2855 1255 2916 vel
1278 2853 1390 2928 Ulyxis,

234 2972 335 3046 lovis,
359 2972 470 3031 Martis
491 2968 646 3046 (virorum
670 2970 804 3030 minime
827 2966 1037 3047 plebeiorum)
1061 2969 1313 3043 intemperantia
1326 2967 1391 3027 vit·

184 3085 210 3150 ll
233 3087 373 3160 paratur.
395 3076 414 3168 ΙΙ
434 3085 527 3145 Prius
547 3084 790 3144 hemistichium
807 3081 939 3141 ἴσον...
961 3082 1070 3160 Ἀχαιοί
1079 3078 1391 3155 deleruntWiegand,

233 3200 355 3275 Herm,
379 3199 484 3259 Naber
507 3197 643 3275 (domm.
668 3198 749 3258 Plat.
775 3194 829 3274 II),
853 3196 972 3272 Baiter,
998 3196 1084 3257 male
1107 3196 1140 3255 ni
1164 3194 1276 3271 fallor;
1301 3190 1391 3255 solent

232 3314 319 3375 enim
350 3312 596 3387 interpolatores
626 3312 803 3371 immutata
833 3325 936 3384 neque
968 3326 985 3370 e
1016 3309 1188 3382 longinquo
1212 3308 1325 3384 petita,
1348 3301 1392 3367 sed

232 3427 346 3486 statim
369 3426 593 3487 antecedentia
618 3424 669 3485 vel
692 3425 923 3498 subsequentia
948 3424 1046 3484 verba
1065 3423 1105 3484 ad
1124 3422 1233 3483 locum
1254 3422 1392 3483 adornan-

232 3542 310 3601 dum
345 3538 385 3616 (t)
415 3541 567 3600 inserere.
600 3539 676 3598 Mihi
707 3538 799 3599 Plato
833 3538 959 3598 videtur
989 3538 1167 3598 memoriae
1198 3537 1295 3611 lapsu
1326 3536 1392 3596 duos

232 3654 320 3713 locos
349 3652 433 3712 inter
464 3669 499 3713 se
530 3668 593 3713 non
624 3651 801 3712 dissimiles
831 3652 1030 3712 confundens
1061 3651 1108 3710 sic
1140 3649 1320 3725 scripsisse,
1342 3640 1391 3708 etsi

233 3767 362 3840 propter
384 3766 482 3825 verba
504 3762 540 3823 νδ
562 3765 674 3824 νούιουν
698 3761 820 3841 ἐχόμενα
842 3766 970 3825 constat
990 3781 1066 3825 eum
1086 3765 1126 3825 de
1145 3764 1226 3824 libro
1245 3764 1305 3824 IV⁰
1327 3755 1391 3832 cogi·

232 3881 332 3939 tasse.
363 3878 461 3938 Recte
492 3878 590 3951 igitur
621 3877 780 3938 Schmelz.
817 3880 849 3938 et
877 3877 1007 3952 Campb.
1034 3878 1203 3951 vulgatam
1226 3871 1390 3938 servarunt·

232 3992 354 4052 Versus
384 3993 417 4051 in
450 3991 551 4053 3791l
575 3987 701 4070 ἀγαθῶν
724 4012 753 4049 τε
777 4000 876 4051 κακῶν
900 4013 929 4050 τε
953 3988 1085 4051 τέτυκται
1109 3990 1211 4051 Simili
1233 3989 1332 4051 errori
1351 3981 1390 4047 ili·

232 4106 378 4166 buendus
402 4108 462 4166 est.

88 4231 152 4289 390
169 4225 209 4292 Α
277 4218 357 4279 Cum
381 4218 526 4279 Beklrero
550 4218 696 4302 suspicor
721 4220 818 4279 verba
840 4218 1019 4298 παράνοιειυι
1043 4211 1096 4278 ὦσι
1119 4217 1258 4297 τράπεζαι
1282 4219 1320 4280 ab
1338 4225 1388 4275 ora·

233 4331 330 4391 tionis
364 4332 448 4392 serie
482 4332 625 4406 separari
659 4335 814 4407 oportere.
850 4334 1015 4394 Editiones
1050 4333 1201 4406 vulgares
1236 4315 1387 4410 (δακνώδεα)

233 4445 352 4504 mirum
383 4447 542 4518 quantum
569 4446 608 4504 ab
634 4446 851 4507 Alexandrina
874 4447 1060 4506 recensione
1083 4438 1317 4519 discrepabant,
1340 4433 1387 4498 vlt

232 4559 266 4618 in
290 4560 353 4620 379
376 4558 403 4618 D
426 4565 526 4636 κηρῶν
549 4555 679 4635 ἔμπλειοι
699 4554 715 4618 ὃ
736 4555 789 4637 μὲν
809 4556 935 4635 ἐσθλῶν,
954 4556 1047 4638 αὐτὰρ
1066 4552 1083 4617 ὃ
1104 4558 1208 4617 δειλῶν
1227 4572 1285 4632 pro
1304 4552 1388 4631 tepor
