3000 5018
811 280 849 336 18

233 460 380 537 ἀναίδεια,
404 462 541 523 αὐθαδία
563 466 669 535 (Diod.
694 470 805 524 autem
829 465 874 524 l.l.
898 470 931 525 et
952 465 1063 524 Heller
1082 463 1235 523 αὐθάδεια
1255 467 1422 541 probant),

234 573 362 650 εάίααα,
381 574 518 651 εὐμαρέα,
536 574 681 655 εὐσέβεια,
700 578 858 652 συνήθεια,
875 573 987 651 ὠφελία
1000 580 1057 645 isio
1069 578 1263 652 plerumque
1277 580 1359 640 Par.
1372 580 1422 651 A).

234 690 345 750 Heller
366 694 478 750 contra
501 697 541 764 (p.
568 692 620 759 12)
643 692 763 751 rectius
788 692 866 749 milri
895 692 1022 750 ridetur
1050 707 1115 750 uuo
1137 689 1259 767 ἀμαθία
1284 696 1422 753 servato

234 806 337 879 ποία,
359 802 418 879 eo,
435 802 516 873 ὅσα,
535 803 718 879 calcabilem
737 804 900 878 probaaee.
921 804 982 863 Per
1002 825 1048 862 εια
1064 808 1233 878 praeterea
1244 806 1423 866 scribenda

234 919 312 975 sunt
334 917 413 976 haec
432 917 655 977 substantiva:
676 916 782 989 αἴκεια,
801 916 952 991 εὐμάρεια,
969 915 1112 994 εὐγένεια,
1131 915 1272 992 supatru,
1296 915 1422 993 ἆφιίεια,

236 1026 375 1105 άκράτεια
405 1032 508 1099 (cuius
540 1031 643 1090 altera
666 1032 771 1090 forma
792 1028 917 1107 άκρατία
940 1031 1011 1090 sive
1033 1028 1160 1107 ἀκρασία
1183 1046 1260 1091 cum
1288 1033 1334 1093 ab
1358 1033 1421 1093 alia

233 1144 334 1217 stirpe
356 1144 452 1204 ducto
475 1144 682 1203 substantivo
704 1141 830 1220 ἀκρασία
853 1144 1003 1204 conlundi
1026 1160 1090 1204 uon
1111 1145 1228 1220 debet),
1249 1143 1421 1221 αὐθάδεια,

234 1250 370 1330 ὠφέλεια.
400 1289 440 1298 -
464 1256 502 1315 In
525 1257 543 1325 fi
566 1256 625 1315 ult.
649 1257 772 1330 corrige
794 1258 842 1315 sis
866 1255 956 1315 νόσον
984 1257 1094 1329 <ιε>
1120 1254 1171 1314 καὶ
1195 1254 1330 1335 ὑγίειαν,
1356 1260 1418 1320 vid

186 1362 322 1429 ltdicta
351 1369 392 1428 ad
423 1371 487 1428 334
512 1369 547 1429 ll.
571 1359 592 1451 ΙΙ
616 1369 685 1425 V*m
711 1369 736 1427 L
759 1372 956 1446 προπολεμεῖν
980 1384 1036 1443 pro
1059 1372 1279 1446 προσπολεμεῖν
1305 1370 1417 1447 steph.

233 1483 267 1539 et
288 1482 351 1540 Ast
373 1481 557 1557 probarunt,
582 1483 679 1557 male,
702 1482 786 1555 quod
808 1486 881 1542 tum
901 1486 1064 1559 συμμαχεῖν
1083 1482 1178 1556 plane
1196 1484 1351 1545 otiosum
1371 1484 1417 1545 tlt

232 1592 404 1656 Praeterea
423 1599 619 1673 προπολεμεῖν
638 1597 676 1656 de
694 1597 734 1655 iis
746 1597 896 1670 usurpari
907 1596 990 1656 solet
1002 1597 1057 1669 qui
1068 1597 1209 1670 patriam
1222 1597 1416 1659 defendunt

233 1706 292 1782 Qui
323 1706 360 1768 V.
393 1708 418 1767 L
450 1705 494 1779 [ἕν
521 1712 572 1791 τῷ]
598 1710 759 1786 ξυμμαχεῖν
780 1710 926 1784 probant,
951 1725 1007 1769 eos
1034 1711 1145 1782 <τε>
1172 1706 1223 1767 καί
1247 1712 1418 1790 ξυμμαχεῖν

232 1820 337 1894 legere
368 1824 504 1896 oportet,
540 1822 602 1882 vid.
634 1823 652 1891 i
683 1822 709 1881 D
741 1819 883 1896 ὠφελείας
914 1844 943 1881 τε
974 1820 1024 1880 καί
1056 1823 1170 1900 βλάβας
1200 1828 1234 1883 et
1257 1824 1355 1885 dicta
1378 1826 1417 1885 ad

233 1936 296 1993 334
320 1934 356 1994 a.
380 1934 551 1994 Praeterea
574 1937 697 2008 corrige
720 1933 817 2013 ἔμοιγε
842 1935 949 1995 δοκεῖν.

87 2053 151 2111 333
180 2048 210 2115 A
279 2046 442 2107 vocabula
463 2047 563 2125 χρείαν
587 2044 606 2125 ἣ
629 2055 731 2124 κτῆσιν
755 2052 788 2108 et
812 2048 922 2124 4510,
947 2049 1071 2109 Menex.
1097 2050 1162 2109 238
1184 2049 1211 2108 Β
1235 2051 1417 2111 coniuncta

178 2162 209 2228 B
231 2164 318 2221 sunt.
344 2152 363 2243 ΙΙ
387 2163 423 2221 In
447 2162 465 2230 i
490 2162 515 2220 B
534 2177 590 2235 pro
611 2162 804 2240 κρουσμάτων
823 2164 880 2232 (sic
901 2164 962 2223 duo
982 2163 1084 2233 codd.)
1104 2163 1195 2223 editt
1211 2163 1318 2237 vulgo
1327 2167 1418 2226 recte

231 2274 406 2351 κρουμάτων
430 2276 585 2350 scribunt,
609 2276 672 2335 etsi
695 2276 901 2336 substantiva
924 2277 957 2335 in
981 2299 1032 2351 ριν
1060 2277 1215 2336 exeuntia
1235 2282 1317 2347 (uno
1340 2289 1415 2340 voc⁰

232 2387 313 2463 ζῶμα
336 2391 492 2463 excepto),
516 2389 544 2447 si
568 2403 588 2448 a
609 2389 761 2463 perfectis
784 2390 816 2448 in
841 2406 923 2465 σμαι
947 2405 1022 2448 cum
1047 2392 1164 2449 natura
1182 2388 1283 2463 longa
1303 2392 1415 2466 penul·

231 2502 314 2561 tima
348 2501 445 2560 ducta
475 2503 562 2575 suut,
594 2500 737 2560 litteram
769 2517 786 2559 σ
816 2516 984 2561 assumere
1015 2501 1121 2561 solent
1152 2501 1227 2571 (vid.
1262 2499 1419 2582 άκυυσμα,

233 2618 384 2691 θρασυμα,
406 2610 560 2690 κέλευσμα,
581 2613 753 2690 πάλαισμα).
777 2615 976 2674 Terminatio
999 2615 1033 2674 in
1057 2630 1127 2690 -σμα
1150 2616 1317 2677 recentior
1343 2622 1415 2680 erat

230 2742 329 2799 quam
360 2726 472 2786 altera.
499 2760 538 2768 -
565 2726 647 2787 (ilar.
670 2727 827 2788 Richards
851 2727 963 2798 (illese.
989 2728 1067 2786 Rei.
1095 2724 1190 2797 1893)
1215 2729 1255 2788 ci.
1281 2726 1346 2789 ἀλλ’
1376 2730 1416 2803 εἰς

228 2838 307 2910 τίνας
338 2844 405 2915 (pro
435 2840 511 2909 τίνα)
544 2838 582 2916 δὴ
610 2841 781 2917 κοινωνίαν,
806 2857 868 2902 nou
894 2841 990 2916 male,
1014 2842 1090 2913 quia
1113 2841 1146 2900 iu
1169 2839 1240 2917 §.A
1266 2842 1415 2918 legimus

227 2950 269 3023 είς
299 2951 336 3010 τί
344 2973 408 3024 νας
441 2952 540 3031 χρείαν
567 2950 586 3030 ἢ
610 2962 722 3032 κτῆσιν,
752 2971 815 3014 non
839 2971 916 3015 vero
947 2953 988 3025 εἰς
1011 2953 1101 3012 τίνα
1123 2953 1231 3033 χρείαν.
1254 2955 1414 3018 Nonnun-

229 3082 327 3138 quam
358 3068 432 3136 (vid.
464 3067 565 3136 Basi.)
596 3067 724 3134 litterae
757 3068 781 3128 Ο
806 3072 840 3128 et
863 3068 886 3129 O
910 3069 943 3128 in
967 3068 1127 3142 scriptura
1149 3068 1282 3147 unciali,
1306 3086 1413 3144 quum

229 3180 332 3240 altera
362 3181 499 3240 alteram
531 3181 697 3257 contingit,
730 3183 776 3242 ita
800 3183 985 3243 coalescunt
1008 3184 1046 3241 ut
1069 3182 1213 3242 litteram
1237 3205 1257 3240 α
1282 3199 1412 3260 reprae

183 3288 360 3357 Gaentare
391 3294 570 3355 videantur.
604 3329 643 3337 -
678 3294 805 3368 corrige
829 3293 925 3374 ἔμοιγε
950 3294 1056 3354 δοκεῖν.
1081 3287 1100 3379 ΙΙ
1125 3292 1274 3375 verbali
1297 3298 1412 3384 χρυσίρ

228 3409 436 3482 suppositicia
460 3410 545 3484 sunt,
571 3408 646 3480 quia
669 3408 702 3467 in
725 3409 883 3482 proximis
909 3406 956 3486 (B)
980 3424 1043 3471 uon
1063 3411 1102 3469 de
1122 3411 1267 3486 argento,
1289 3412 1353 3472 sed
1373 3414 1411 3474 de

227 3521 362 3593 pecunia
393 3536 500 3581 sermo
531 3522 602 3581 fuit.
636 3522 734 3582 Plane
766 3523 873 3583 differt
899 3522 988 3583 locus
1012 3524 1045 3582 in
1069 3517 1133 3580 442
1157 3521 1192 3581 E.
1217 3521 1410 3586 Verisimile

227 3636 287 3708 eet,
312 3648 413 3707 quum
438 3634 588 3693 continuo
614 3636 749 3694 verbum
770 3632 1041 3712 παρακαταθέσθαι
1060 3636 1225 3710 sequatur,
1246 3633 1411 3698 lectorem

224 3749 385 3819 quendam
421 3746 482 3806 loci
511 3747 577 3807 fere
610 3748 788 3807 consimilis
812 3749 845 3807 in
869 3750 932 3808 332
954 3750 983 3808 Α
1008 3748 1065 3808 ult.
1091 3742 1134 3818 (ὃς
1157 3744 1195 3805 civ
1218 3769 1258 3831 τρυ
1283 3750 1411 3828 χρυσίον

224 3856 327 3942 ἀποδῷ
358 3856 643 3943 παρακαταθεμένῳ)
677 3876 855 3921 memorem
888 3862 921 3920 in
953 3876 1018 3935 mg.
1051 3857 1203 3944 ἢχρυσίρν
1227 3863 1411 3925 annotasse

225 3988 326 4047 eaque
359 3973 456 4033 verba
486 3975 599 4047 postea
627 3975 660 4033 in
685 3976 813 4034 textum
837 3976 1017 4036 devenisse.
1043 3975 1088 4037 cf.
1114 3973 1370 4057 3341ειάρα
1396 3975 1412 4039 i

226 4084 339 4156 δίκαιος
363 4081 506 4164 ἀργύριον
531 4084 626 4156 δεινὸς
651 4085 816 4160 φυλάττειν.
848 4121 886 4130 -
913 4089 1096 4149 Secundum
1117 4105 1165 4165 ea,
1187 4105 1271 4163 quae
1293 4094 1363 4153 331
1385 4094 1411 4153 D

226 4198 398 4273 disputavi,
431 4200 599 4271 sequentia
630 4201 677 4260 sic
708 4200 827 4261 scribe:
861 4198 990 4273 σίκυυν;
1021 4199 1112 4280 λέγεις
1137 4200 1208 4261 ὅταν
1227 4199 1329 4280 μηδὲν
1343 4252 1350 4265 .

226 4316 360 4386 κεῖσθαι;
388 4312 501 4373 eodem
526 4312 620 4373 modo
640 4329 702 4386 quo
722 4316 796 4388 post
815 4313 844 4372 τί
861 4311 893 4372 δέ
914 4316 976 4375 duo
996 4316 1147 4389 interrog.
1169 4315 1263 4388 signa
1283 4330 1410 4390 ponun-

177 4428 201 4493 t}
225 4427 287 4484 tur.
313 4416 331 4507 ΙΙ
357 4426 427 4486 Par.
454 4419 495 4484 Α1
518 4424 640 4503 οὐκοῦν,
662 4419 716 4486 ΑΗ
741 4444 805 4501 mg.
830 4427 886 4487 οὐκ
905 4425 943 4486 ἂν
965 4419 1020 4487 οὖν
1040 4445 1104 4490 sec.
1126 4428 1257 4504 campo.
1272 4433 1413 4496 exhibet

223 4540 311 4614 („tlre
333 4561 349 4596 v
378 4538 414 4598 oi
430 4535 467 4596 iv
492 4540 599 4613 partly
622 4543 715 4601 eaten
741 4543 877 4615 away’').
905 4576 944 4584 -
970 4543 1079 4602 Baiter
1102 4543 1277 4615 legendum
1302 4550 1411 4626 suspi-
