3000 5018
645 281 686 339 87

65 464 406 539 interpretamentum
439 466 582 527 eicienda
612 467 750 542 putavit,
778 469 862 540 quod
885 484 935 543 ap.
960 470 1059 530 bonos
1083 473 1256 546 scriptores

69 578 209 639 Atticos
228 575 305 649 ὅστις
326 581 359 640 et
379 577 411 651 ύς
431 594 495 639 non
507 579 689 654 promiscue
701 585 914 657 usurpentur;
928 584 999 644 sine
1012 600 1120 662 causa,
1133 600 1210 646 nam
1223 587 1256 646 in

74 692 149 754 399
161 690 185 753 G
204 690 311 762 ταύτας
334 690 390 751 δύο
400 736 406 749 .
415 737 422 750 .
432 737 454 750 ..
475 690 593 768 αἵτινες,
611 692 644 750 in
665 693 729 753 618
741 692 766 752 ll
785 692 869 773 χείρω
889 690 943 771 μὲν
962 698 1121 774 καλοῦντα,
1139 692 1172 769 ὃς
1182 744 1187 756 .
1198 744 1204 756 .
1215 744 1220 756 .
1230 742 1255 774 .,

71 802 192 882 ἀμείνω
216 799 245 863 δ’
272 802 349 875 ὅστις
372 808 430 864 κτλ.
454 805 604 878 legimus,
628 805 713 867 sicut
737 821 832 881 saepe
857 806 874 866 ὅ
896 829 922 866 νι
945 823 1001 882 pro
1021 803 1038 867 ἁ
1058 812 1092 870 et
1111 809 1180 870 ὅσον
1199 827 1256 887 pro

73 909 118 977 οὗ
152 917 202 989 (ci.
234 917 327 991 Gorg.
359 913 463 978 4533
493 911 567 976 αὐτὸ
590 924 686 994 τοῦτο,
715 916 782 996 περὶ
809 918 878 978 ὅσου
904 916 920 979 ὁ
943 919 1029 1000 λόγος
1053 919 1142 1000 ἐστίν)
1167 940 1255 985 usur·

72 1034 187 1108 patur.
212 1031 290 1092 Mire
313 1030 443 1105 eampb.
469 1033 604 1092 annotat
630 1032 704 1107 ,ibe
727 1030 892 1093 indefinite
915 1034 1051 1095 relative
1070 1037 1155 1096 suits
1175 1037 1255 1097 with

75 1146 204 1207 Plato’s
226 1145 362 1206 affected
385 1144 588 1218 ignorance.”
613 1143 684 1204 Par.
709 1136 751 1204 ΑΙ
777 1167 903 1222 αοοινες,
922 1146 955 1205 in
975 1163 1041 1221 mg.
1063 1164 1107 1209 m.
1128 1151 1193 1210 vet.
1216 1141 1255 1210 αὖ

73 1280 159 1331 τινες
182 1256 280 1338 (sieut
302 1258 380 1320 Ven.
406 1262 459 1335 ll),
483 1250 537 1319 Α11
560 1257 668 1330 αἵτινες
692 1260 832 1321 exhibet.

10 1365 36 1432 t
126 1373 205 1434 Fere
223 1388 338 1434 omnes
358 1373 447 1434 editt.
468 1374 554 1433 recte
575 1373 750 1447 probarunt
769 1374 909 1433 formam
929 1373 1084 1433 κατάλειπε
1104 1377 1137 1435 et
1156 1376 1189 1435 in
1201 1375 1255 1445 §O

78 1491 164 1547 λεῖαι
186 1503 242 1562 pro
264 1487 379 1549 formis
401 1487 613 1561 aorlstorum;
638 1486 701 1546 vid.
725 1486 891 1547 Hellerum
912 1486 995 1557 (Gur.
1017 1486 1093 1548 Orit.
1113 1503 1144 1562 p.
1165 1490 1195 1558 4)
1217 1489 1256 1550 de

10 1596 41 1661 B
76 1600 226 1663 confusis
256 1611 283 1660 a·
314 1602 347 1661 et
378 1614 389 1659 ῑ
417 1601 452 1660 in
482 1600 617 1661 Politiae
647 1600 747 1660 libris.
780 1592 800 1680 ΙΙ
822 1600 908 1660 Astii
931 1603 990 1661 611111
1013 1598 1256 1679 παρατεταμένας

77 1715 184 1777 etiarn
215 1713 354 1776 dobetus
385 1711 460 1792 (lin.
494 1716 579 1777 1860
608 1729 638 1788 p.
671 1711 748 1788 244)
779 1714 983 1789 improbavit.
1017 1745 1057 1755 -
1085 1715 1191 1775 Verba
1214 1712 1255 1792 μὴ

77 1827 171 1912 βιαίῳ
200 1843 264 1888 non
295 1826 479 1901 significant
512 1842 590 1903 ,nec
621 1826 783 1887 violenta’'
815 1827 873 1897 (sic
904 1828 966 1887 Ast
997 1828 1165 1908 Schneid.)‚
1198 1829 1255 1889 sed

81 1941 269 2019 „coactus”
294 1942 462 2016 propterea
484 1941 567 2013 quod
591 1940 632 2000 iis
655 1936 789 2010 ἑκούσιος
812 1940 996 2014 oppositum
1016 1944 1076 2002 est.
1097 1942 1205 2002 Etiam
1224 1941 1258 2000 αί

76 2054 175 2135 βίαιοι
204 2053 324 2136 κρὰξιις
355 2070 427 2115 esse
459 2050 757 2130 pessumsedere,
780 2054 843 2114 vid.
869 2054 964 2127 Legg.
990 2055 1054 2115 874
1067 2055 1103 2115 D.
1129 2055 1254 2130 Quomi-

76 2185 145 2231 nus
181 2166 316 2239 ἑκούσιος
354 2183 411 2242 per
444 2169 609 2244 „amicus”
641 2169 819 2243 vertamus
850 2167 979 2241 linguae
1011 2184 1101 2245 usus,
1133 2170 1254 2246 opinor,

77 2282 237 2359 prohibet.
262 2282 413 2342 Praestat
435 2281 534 2354 igitur
557 2280 657 2341 etiam
681 2280 715 2340 in
738 2279 757 2356 ξ
782 2282 811 2341 Α
834 2276 877 2350 (ἓν
900 2279 980 2365 adep
1004 2280 1091 2365 βιαίῳ
1115 2278 1256 2363 ἐργασία),

78 2398 115 2457 in
147 2396 166 2466 ἓ
197 2394 229 2473 O,
261 2395 294 2455 in
326 2394 426 2456 6030
457 2410 525 2455 voc.
558 2393 655 2472 βίαιος
684 2395 814 2469 passivo
842 2410 940 2455 sensu
963 2395 1156 2468 usurpatum
1181 2408 1253 2454 esse

79 2512 205 2585 putare.
240 2543 278 2552 -
305 2509 365 2570 Pro
389 2504 534 2586 ὑπέχοντα
557 2509 624 2569 lere
647 2522 760 2569 omnes
783 2509 872 2569 codd.
898 2504 1037 2585 ἕκίχονια
1061 2508 1118 2577 (sic
1142 2507 1253 2567 Herm.

78 2621 165 2684 Bait.
201 2621 345 2696 Gampb.)
379 2622 543 2698 praebent,
575 2621 671 2698 male,
703 2621 779 2694 quia
813 2621 1081 2697 „submissionis”
1114 2620 1254 2695 notione,

14 2736 48 2804 G
77 2750 163 2810 quae
194 2734 246 2795 hio
277 2735 460 2810 requiritur,
493 2750 560 2795 voc.
592 2730 704 2812 ἐπέχειν
736 2736 833 2794 caret.
867 2725 886 2816 ΙΙ
917 2734 996 2794 Fere
1028 2748 1141 2792 omnes
1164 2733 1253 2792 codd.

80 2863 152 2910 voc.
176 2843 320 2926 ἁρμονίας
342 2850 415 2922 post
438 2843 584 2924 ἀνδρείων
607 2847 736 2922 iterant,
760 2845 844 2907 unde
869 2861 932 2906 non
953 2846 1070 2906 iniuria
1091 2845 1254 2906 Herwerd.

80 2961 156 3033 (Mn.
183 2962 279 3032 1883)
302 2961 487 3035 suspicatus
510 2962 561 3039 est
584 2974 647 3018 non
671 2959 765 3019 modo
789 2959 968 3019 secundum
993 2954 1136 3036 ἁρμονίας
1160 2956 1255 3031 (quod

79 3076 150 3137 iere
173 3089 287 3135 omnes
309 3074 400 3134 editt.
425 3073 542 3143 delent)
566 3073 714 3146 spurium
737 3087 820 3148 esse,
845 3071 901 3132 sed
926 3072 1027 3132 etiam
1050 3073 1149 3145 prius.
1175 3071 1256 3131 Cum

80 3187 223 3263 quadam
244 3188 277 3248 vi
296 3187 329 3247 in
342 3187 547 3248 conclusione
559 3186 785 3246 tantummodo
798 3184 907 3255 σαύιας
919 3185 1040 3244 omisso
1052 3184 1256 3245 substantivo

80 3301 209 3362 dicitur.
233 3302 270 3360 In
294 3300 369 3361 edit.
395 3300 488 3360 Goth.
511 3301 543 3359 II
566 3297 677 3359 Stallb.
702 3298 841 3357 alterurn
866 3293 1009 3374 ἁρμονίας
1029 3297 1131 3370 priore
1151 3295 1256 3355 deleto

80 3415 237 3476 servavit.
274 3415 334 3474 Per
368 3413 559 3487 hypallagen
594 3412 683 3484 ipsae
713 3411 901 3470 harmoniae
932 3406 1066 3478 ἑκούσιος
1097 3408 1130 3467 et
1160 3405 1257 3486 βίαιος

82 3528 219 3588 vocatae
239 3529 326 3603 sunt,
348 3527 440 3586 cuius
461 3524 585 3585 dicendi
605 3523 726 3596 figurae
743 3522 917 3582 Schneider
929 3521 1094 3595 complura
1106 3521 1257 3594 exempla

81 3641 125 3702 ad
145 3641 231 3702 huno
250 3641 358 3701 locum
374 3639 531 3713 apposuit.
546 3637 627 3698 dum
641 3637 752 3696 autem
764 3637 838 3710 post
851 3635 906 3694 δύο
920 3635 1022 3695 oratio
1034 3635 1207 3710 paulisper,
1222 3636 1258 3693 ut

82 3755 161 3815 ante
180 3753 441 3814 enumerationes
462 3751 592 3826 assolet,
606 3749 851 3825 intermittatur,
865 3749 1006 3823 permira
1017 3748 1074 3808 illa
1085 3748 1256 3822 hypallage

82 3867 167 3928 mihi
197 3866 334 3942 videtur,
359 3865 527 3939 praecipue
551 3864 635 3936 quod
659 3863 770 3922 statim
796 3862 931 3936 genitivi
955 3863 1150 3935 sequuntur;
1175 3861 1257 3921 hano

85 3980 128 4042 ob
146 3995 216 4041 rem
236 3979 404 4052 vulgatam
425 3977 607 4050 corruptam
628 3991 743 4036 censeo
764 3978 797 4036 et
811 3975 984 4048 legendum
996 3972 1102 4053 βιαίων
1115 3969 1259 4030 ἑκουσίων

84 4095 185 4166 (neut.
217 4108 301 4168 gen,
333 4092 380 4152 ita
410 4092 447 4150 ut
480 4088 563 4168 βίαια
593 4089 680 4149 idem
711 4089 871 4162 significet
894 4088 977 4161 quod
1001 4085 1093 4163 βίαιοι
1116 4083 1256 4162 κράξας).

84 4208 189 4282 Saepe
218 4206 252 4267 in
283 4207 354 4266 Par.
378 4207 407 4266 A
423 4199 443 4275 ¹)
468 4206 501 4266 et
523 4204 646 4265 Veneto
671 4206 704 4261 Π
724 4207 774 4274 (ne
798 4203 914 4263 deterr.
939 4201 1026 4261 codd.
1052 4200 1160 4268 citem)
1184 4209 1201 4257 ο
1226 4200 1259 4259 et

121 4411 141 4472 ¹)
162 4415 204 4463 Sic
226 4415 304 4475 paulo
326 4416 385 4462 ante
408 4416 530 4474 ἁγὰκονσα
551 4427 598 4473 pro
621 4415 747 4471 ἁγακύιννα
770 4412 797 4456 et
819 4409 897 4468 paulo
915 4408 1023 4466 posted
1040 4410 1155 4471 τριγώνων
1172 4407 1260 4453 Baiter

85 4495 194 4541 annotet
219 4493 343 4550 „alterum
369 4512 386 4540 αι
411 4495 437 4540 in
463 4493 564 4540 litura.”
587 4493 618 4539 In
640 4490 724 4537 4260
748 4490 805 4536 Par.
828 4485 859 4534 ΑῙ
880 4488 964 4541 decane,
982 4488 1030 4535 ill
1046 4487 1065 4534 0
1083 4483 1160 4540 οὕτως,
1179 4486 1259 4532 etsie

84 4572 231 4621 montier
246 4571 304 4620 Par¹
321 4572 441 4619 librarius
458 4572 560 4618 errarit.
