3000 5018
809 264 871 324 158

253 454 353 530 vim,''
385 455 468 528 quod
499 469 552 514 me
579 454 684 515 iudice
707 453 800 514 valde
822 454 956 528 languet
978 455 1239 538 nequeelegans
1263 432 1324 516 est.
1350 453 1422 515 Her-

253 568 349 628 werd.
384 567 440 628 1.1.
475 569 642 641 praeterea
676 567 746 628 sine
781 583 880 628 causa
914 568 953 628 ci.
988 566 1062 626 κατὰ
1095 566 1149 645 τὴν
1180 566 1272 644 αὐτῆς
1308 567 1374 628 δυο.
1404 565 1423 627 ἓ.

202 679 321 758 111ι1μι
352 684 403 752 ο.].
428 674 448 766 ΙΙ
471 682 541 740 V⁸¹¹¹
568 683 593 741 L
616 680 752 758 θήσομεν
773 697 830 756 pro
854 680 973 759 οἴσομεν
996 698 1080 742 unus
1105 678 1244 744 Oobetus
1267 683 1422 760 probavit,

253 797 446 870 rectissime,
470 796 533 854 vid.
558 795 591 854 in
614 793 633 869 ,ὅ
656 794 683 852 D
706 794 764 854 ult.
789 793 886 871 ιίθης,
909 795 972 854 437
997 795 1056 856 ult.
1081 797 1113 855 et
1137 795 1246 856 confer
1268 795 1423 856 dictiones

254 907 286 969 ἕν
315 908 388 992 δόξῃ
418 912 528 983 θεῖναι,
558 904 590 966 ἐν
622 904 701 986 μέρει
731 904 811 977 τινὸς
842 911 953 984 θεῖναι,
976 907 1017 978 εἰς
1040 906 1109 979 τοὺς
1132 907 1293 980 πλουσίους
1317 907 1423 968 θεῖναι.

253 1022 290 1082 In
314 1023 390 1082 Par⁰
414 1022 442 1080 A
465 1022 649 1082 sexcenties
673 1023 708 1078 H
728 1023 761 1081 et
784 1023 804 1078 I
823 1021 958 1081 confusa
980 1023 1067 1097 sunt,
1092 1021 1155 1082 vid.
1180 1038 1234 1083 me
1257 1023 1298 1082 ad
1325 1023 1432 1110 3361ΒΙ

253 1138 286 1196 et
309 1136 349 1196 ad
373 1136 437 1195 454
451 1134 483 1196 O.
509 1169 550 1179 —
574 1137 611 1195 In
631 1133 651 1210 ξ
674 1134 732 1195 ult.
757 1135 889 1208 quidam
913 1134 948 1195 Ο.
974 1135 1148 1196 Schneider
1169 1151 1226 1210 pro
1247 1135 1320 1208 δόξα
1341 1151 1423 1215 repo·

253 1250 396 1309 nendum
420 1249 547 1308 censuit
569 1247 707 1324 δύναμις,
729 1248 876 1309 absurde.

108 1369 172 1429 478
200 1367 229 1432 Β
298 1361 366 1419 vom
395 1356 711 1437 Ιιὼςὲφαμεν1μ1ο
736 1356 1342 1438 ὡςφαμὲν1111ο1).Β1111.Α31511111).
1369 1363 1424 1432 (ed.

254 1475 369 1549 (iotha,
400 1490 464 1535 non
495 1489 585 1550 opus,
618 1474 810 1535 vertendum
841 1474 930 1534 enim
962 1478 1012 1535 est
1046 1478 1102 1552 ,ut
1134 1476 1322 1550 putamus”.
1355 1476 1426 1550 Mox

252 1589 445 1649 Liebholdus
479 1588 596 1659 (Fleck.
628 1588 698 1648 Jbb.
734 1588 828 1659 1888)
864 1590 902 1649 ci.
938 1580 982 1667 ἆρ’
1016 1579 1071 1648 οὖν
1099 1588 1131 1648 τὸ
1155 1587 1195 1667 μὴ
1218 1587 1254 1649 'ov
1280 1588 1427 1662 δοξάζεται

252 1718 308 1777 pro
339 1700 462 1778 δοξάζει,
493 1702 563 1761 sine
595 1716 704 1776 causa,
733 1702 914 1762 subiectum
952 1697 1426 1778 οο11οοεῐὸδοξάζονυοκὴ

253 1814 333 1888 δόξα.
359 1816 524 1875 -Paulo
554 1816 629 1889 post
656 1811 726 1874 Pari
749 1809 886 1876 A11ect.
920 1790 1042 1887 δοξάσαι
1074 1813 1107 1875 τὸ
1131 1813 1171 1892 μὴ
1195 1813 1230 1876 ’όν
1253 1818 1429 1891 probarunt

255 1929 401 1989 Schneid.
426 1929 593 1989 Hermann
621 1928 715 2003 Bait,
739 1929 932 2004 rectissime,
961 1930 1045 2003 quod
1069 1930 1216 1990 maxima
1239 1926 1330 1991 codd.
1354 1946 1428 2005 pars

254 2060 281 2104 c.
306 2044 383 2103 Par0
414 2043 443 2101 A
473 2041 643 2102 consentit.
676 2042 713 2100 in
745 2040 847 2116 §ult
880 2043 974 2116 pauci
1005 2043 1094 2103 codd.
1127 2044 1225 2103 verte
1257 2040 1428 2115 δ’δοξάζωυ

254 2160 330 2218 ante
365 2156 479 2229 δοξάζει
512 2158 645 2231 ponunt,
680 2157 764 2228 quod
795 2157 933 2218 fortasse
964 2158 1119 2217 indicium
1155 2160 1206 2218 est
1238 2159 1295 2219 illa
1333 2160 1429 2219 verba

207 2274 231 2340 0
254 2271 394 2330 insiticia
415 2285 504 2342 esse;
529 2268 617 2327 nullo
642 2269 769 2341 negotio
789 2272 899 2329 mente
920 2270 1060 2343 suppleri
1080 2273 1226 2344 possunt.
1241 2262 1261 2354 ΙΙ
1274 2273 1311 2331 In
1331 2272 1349 2340 t
1371 2271 1427 2331 ult.

255 2385 317 2443 Ast
348 2385 380 2442 et
415 2381 526 2443 Stallb.
563 2381 690 2440 malunt
724 2379 805 2452 ἔντος
841 2380 878 2458 δή
912 2397 968 2456 pro
1008 2380 1028 2441 ἒ.
1065 2378 1105 2459 δ’,
1139 2384 1321 2445 rectissime
1357 2385 1428 2445 coll.

257 2497 363 2557 verbis
385 2493 584 2569 praegressis
608 2484 651 2569 ἆρ’
678 2483 749 2551 οὖν
772 2490 853 2564 ἐκτός
875 2473 935 2552 att.

108 2616 171 2674 479
199 2608 229 2675 A
298 2610 369 2670 Pari
391 2609 420 2666 A
443 2606 516 2666 lect.
540 2601 587 2664 ἀεὶ
612 2601 748 2681 <μὲι>
774 2604 848 2665 κατὰ
870 2605 963 2666 ταύτὰ
986 2613 1175 2683 receperunt
1199 2609 1293 2671 Schn.
1316 2611 1428 2671 Herm.

254 2724 337 2785 Bait.
375 2720 516 2794 eampo,
547 2720 677 2794 fortasse
711 2721 807 2780 recte.
840 2719 915 2780 Mox
945 2721 1105 2795 Madvigio
1134 2723 1306 2796 corrigenti
1336 2720 1430 2782 πολλὰ

255 2833 287 2896 δὲ
309 2833 385 2895 aar&
414 2834 521 2909 paruit
550 2848 635 2893 unus
659 2834 777 2909 Baiter,
802 2835 933 2911 optime,
958 2835 997 2896 cf.
1022 2836 1086 2896 476
1112 2835 1135 2895 0
1158 2832 1174 2894 t
1198 2827 1253 2895 οὖν
1276 2833 1353 2895 aaa&
1376 2833 1430 2913 μὲν

253 2949 410 3028 πράγματα
443 2946 579 3023 νομίζων.
603 2980 645 2988 -
669 2945 775 3007 Verba
809 2944 919 3018 ἐκεῖνος
951 2943 966 3005 ὁ
998 2947 1193 3025 φιλοθεάμων
1222 2945 1272 3007 καὶ
1302 2949 1367 3009 Ast
1398 2953 1430 3010 et

254 3062 380 3123 Beklrer
400 3075 426 3120 c.
447 3059 570 3119 Veneto
590 3054 821 3134 Eomiserunt,
843 3060 1042 3135 rectissime;
1068 3063 1119 3120 est
1138 3062 1216 3121 nota
1239 3063 1430 3136 marginalis

255 3177 295 3237 ad
325 3188 552 3250 praegressum
583 3168 755 3250 ὁχρηστός,
787 3187 869 3244 quae
896 3188 916 3232 a
944 3173 1073 3233 librario
1096 3174 1223 3235 indocto
1246 3190 1310 3235 non
1334 3177 1429 3236 modo

254 3304 421 3366 perperam
453 3287 485 3346 in
516 3287 646 3346 textum
677 3285 769 3345 illata
796 3288 856 3361 est,
881 3287 1060 3347 sedetiam
1084 3288 1117 3347 iu
1142 3288 1282 3348 alienam
1307 3291 1427 3350 sedem.

255 3403 418 3463 Heusdius
441 3400 526 3470 (Init.
548 3399 667 3459 Philos
688 3399 720 3458 II
738 3414 768 3473 p.
790 3400 844 3468 37)
867 3399 923 3459 illa
943 3401 1041 3461 verba
1058 3383 1132 3475 post
1152 3397 1167 3459 ὁ
1190 3399 1313 3480 χρηστὸς
1338 3403 1427 3463 collo·

211 3520 235 3587 G
259 3517 360 3579 canda
382 3514 554 3589 iudicabat,
579 3512 675 3573 male.
690 3504 710 3594 ΙΙ
723 3512 906 3585 Stephanus
930 3514 1149 3587 (probantibus
1171 3514 1265 3575 Astio
1292 3516 1378 3576 1814
1399 3518 1428 3576 et

255 3632 493 3691 Veterensem
513 3631 546 3689 in
570 3629 673 3703 ipsius
695 3628 828 3688 Schedis
851 3629 982 3699 criticis)
999 3629 1045 3690 ci.
1065 3636 1117 3707 τῆς
1138 3630 1229 3707 βολῆς
1256 3626 1358 3709 [niort
1380 3647 1426 3706 op·

255 3745 347 3821 time,
377 3759 455 3804 nam
478 3742 596 3802 iterata
619 3742 813 3816 praepositio
840 3742 892 3802 hic
915 3741 1009 3815 piane
1031 3742 1166 3802 ridicula
1189 3743 1240 3802 est
1263 3747 1428 3819 propterea

255 3860 339 3933 quod
359 3874 422 3919 non
442 3858 504 3917 duo
524 3856 710 3928 aenigmata
730 3857 822 3915 erant
841 3855 981 3916 aiterum
1002 3856 1041 3916 de
1060 3858 1216 3932 eunucho,
1238 3856 1380 3918 alterum
1393 3859 1428 3918 de

255 3972 482 4048 vespertilione
501 3970 576 4045 icto,
597 3970 654 4029 sed
674 3985 776 4028 unum
796 3971 926 4029 tantum
940 3969 979 4030 de
991 3970 1218 4044 vespertilione
1231 3971 1271 4030 ab
1284 3974 1428 4032 eunucho

254 4091 328 4151 icto.
361 4087 473 4147 Trium
504 4083 729 4158 genetivorum
752 4090 805 4141 τοῦ
830 4081 975 4160 εὐνούχου
999 4091 1050 4160 τῆς
1073 4084 1164 4161 βολῆς
1186 4091 1237 4161 τῆς
1260 4085 1428 4165 νυκτερίδος

137 4278 139 4281 ,
256 4201 438 4264 coniunctio
458 4198 504 4258 nil
523 4197 646 4258 insoliti
665 4197 771 4257 habet.
793 4196 949 4256 Richards
970 4195 1083 4267 (Oiass.
1100 4197 1178 4258 Rev.
1194 4198 1290 4268 1893)
1303 4198 1428 4259 mavult

256 4317 345 4391 prius
367 4310 434 4391 περὶ
457 4312 565 4387 deleri,
598 4311 681 4384 quod
704 4311 784 4370 mihi
808 4310 918 4371 minus
941 4311 1056 4385 placet.
1081 4311 1142 4371 Pro
1165 4307 1205 4381 ὡς
1230 4308 1289 4380 (καὶ
1313 4305 1358 4387 ἐφ’
1384 4303 1427 4380 οὗ)

256 4432 327 4491 Par.
350 4431 378 4490 A
403 4427 509 4488 exhib.
534 4416 569 4485 ὧι
593 4426 664 4507 (ie.
690 4419 724 4508 ᾧ)
748 4426 781 4486 et
804 4424 882 4486 Ven.
908 4428 950 4483 ΠῙ
975 4447 1008 4500 ω,
1032 4425 1226 4501 rectissime,
1250 4424 1297 4485 sic
1317 4438 1427 4485 omnes

255 4544 346 4605 editt.
371 4541 445 4601 inde
468 4555 487 4599 a
510 4540 672 4613 stephano
694 4541 831 4613 (praeter
854 4539 934 4599 Bkk.
960 4540 993 4598 et
1016 4535 1270 4615 Schneiderum).
1296 4573 1338 4582 -
1358 4538 1426 4596 vam
