3000 5018
640 258 700 315 111

24 441 223 502 voculam
245 462 275 500 τε
297 457 338 502 ex
361 458 425 502 uno
446 443 569 504 Veneto
593 440 722 513 Etooii.
748 445 881 504 Phaedr.
909 447 973 506 230
987 447 1023 516 B)
1048 447 1252 522 addiderunt,

31 563 147 613 nam
180 554 243 615 duo
273 555 330 615 iiia
358 576 388 613 τε
418 557 502 616 inter
532 573 568 616 se
599 557 802 631 respondent.
834 591 874 601 -
899 558 1026 631 corrige
1050 559 1099 628 (cf.
1126 575 1177 619 ex.
1201 575 1248 633 gr.

40 662 131 724 420
150 668 188 737 B)
212 663 267 742 την
286 665 384 743 πόλιν,
406 669 468 728 vid.
494 670 580 729 dicta
603 670 642 729 ad
667 671 730 729 412
745 670 777 730 d.
802 672 939 733 Articuli
962 674 1033 732 tam
1057 687 1154 746 saepe
1176 674 1252 733 ante

45 772 218 841 litteram
244 800 267 839 π
290 781 437 842 excidere
461 784 620 857 poterant,
644 784 720 854 quia
743 786 873 844 tantum
901 788 928 843 T
947 800 1022 845 cum
1046 788 1124 845 nota
1143 786 1252 860 tachy·

13 871 20 931 λ
51 895 228 966 graphica
248 894 281 953 in
301 895 431 969 papyris
451 896 593 967 antiquis
614 897 822 957 scribebatur.
837 893 855 978 Η
868 898 983 958 Veneti
997 900 1027 955 Π
1039 898 1112 958 lect.
1125 896 1251 982 πατρῴῳ

50 1012 160 1066 unus
190 1012 279 1076 (nam
311 1007 422 1068 Stallb.
450 1009 534 1068 1858
557 1009 669 1092 πατρίῳ
693 1011 802 1080 edidit)
825 1011 940 1071 Aetius
963 1011 1080 1072 acriter
1099 1011 1250 1088 defendit,

53 1114 95 1170 at
120 1117 295 1181 Platonica
317 1121 499 1195 respublica
518 1136 582 1180 non
602 1121 821 1198 Atheniensis
843 1124 899 1183 sed
921 1124 1042 1184 Graeca
1057 1125 1173 1184 civitas
1190 1114 1250 1201 es't,

52 1234 242 1293 Praeterea
283 1234 454 1307 sequentia
490 1233 612 1311 πάτριος
647 1232 789 1313 ἐξηγητὴς
825 1251 925 1310 paene
961 1238 1105 1298 clamant
1139 1237 1251 1322 πατρίῳ

52 1346 209 1420 requiri;
254 1347 402 1408 videatur
436 1348 622 1409 Schneideri
657 1351 833 1410 annotatio.
871 1351 1086 1410 Herwerdeno
1121 1351 1251 1411 foedum

52 1443 401 1533 interpretamentum
423 1459 454 1520 έν
474 1460 552 1546 μέσῳ
574 1462 693 1522 delenti
713 1477 845 1535 prorsus
865 1463 1043 1537 assentior;
1067 1464 1129 1524 vid.
1144 1465 1251 1526 simile

12 1550 24 1611 i
53 1569 238 1632 emblema
257 1573 290 1632 ιο
311 1574 375 1633 ιιι
388 1575 424 1636 o.
439 1566 458 1657 η
471 1576 531 1637 Pro
547 1575 671 1652 ποτερα
685 1576 848 1636 Ηυτυουο.
863 1576 936 1645 orn.
953 1576 1049 1646 1883)
1062 1577 1100 1636 υ.
1114 1575 1252 1655 ποτέρου,

52 1681 135 1743 <luo
158 1700 223 1745 non
246 1700 337 1762 opus,
361 1687 401 1748 cf.
426 1704 477 1749 ex.
502 1704 549 1762 gr.
574 1691 638 1749 434
653 1688 675 1749 d
692 1686 815 1748 -έυείυου
836 1690 856 1749 i.
879 1705 906 1749 e.
927 1695 979 1764 τῆς
999 1685 1125 1765 ἀδικίας,
1147 1691 1250 1750 445Β

52 1775 231 1877 ἐπειιλήπερ
255 1795 352 1876 ἐφάνη
376 1821 408 1879 γε
433 1797 504 1860 ὄντα
528 1798 647 1879 ἑκάτερα
671 1805 729 1860 κτλ.

11 1906 21 1945 ¹-
116 1908 199 1972 Male
223 1912 331 1985 steph.
357 1914 388 1973 et
413 1915 474 1974 Ast
497 1915 654 1974 dederunt
678 1912 748 1974 titio
771 1936 798 1972 τι
821 1929 878 1989 pro
903 1911 972 1974 titio
997 1913 1047 1991 έτι,
1069 1916 1145 1989 quia
1164 1912 1250 1988 ἄλλος

54 2002 109 2079 h.
136 2024 157 2084 i.
180 2024 341 2098 significat
368 2027 536 2102 ,diversus
559 2029 611 2088 a.”
637 2028 792 2088 Potuerat
816 2030 928 2088 auctor
951 2029 1091 2088 scribere
1115 2024 1186 2087 titio
1209 2025 1250 2087 έτι

55 2139 128 2196 too
150 2136 394 2216 ὑπολειφθέντος.
411 2129 470 2198 Ἦν
494 2141 580 2201 idem
604 2141 657 2201 hic
681 2142 768 2202 vaiet
791 2144 889 2214 atque
914 2138 999 2199 ἐστίν.
1021 2140 1185 2215 campoeii
1206 2141 1251 2202 cit

62 2249 177 2314 4970
209 2253 334 2331 δηλώσει
365 2252 408 2313 ὅτι
438 2261 524 2314 τοῦτο
554 2250 607 2331 μὲν
630 2264 669 2337 τῷ
693 2251 755 2313 ὄντι
778 2260 864 2314 θεῖον
888 2245 934 2332 ἦν.
958 2255 1154 2315 Praesertim
1177 2257 1251 2329 post

57 2355 131 2444 ἰέρο
159 2367 346 2428 huiusmodi
377 2368 568 2442 imperfecta
599 2368 801 2444 adhibentur,
834 2369 873 2429 ci.
906 2369 1006 2428 Arist.
1039 2370 1127 2428 Aves
1150 2366 1187 2427 od
1212 2366 1249 2427 cb

58 2477 164 2552 μόνος
195 2474 244 2560 ἄρ’
279 2470 352 2557 ἧσθ’
387 2478 477 2556 ἔποψ,
507 2478 580 2540 ἀλλὰ
609 2471 713 2559 χοῦτος
743 2477 846 2559 ἕτερος.
880 2515 918 2525 -
952 2480 1092 2554 Vulgata
1115 2477 1147 2539 έν
1170 2479 1249 2564 αὐτῷ

63 2601 128 2653 lue
158 2593 245 2654 male
275 2594 382 2669 habet,
412 2609 487 2654 cum
511 2609 570 2655 nec
593 2591 625 2652 έν
649 2603 684 2677 τη
707 2592 789 2653 πόλει
814 2592 996 2667 significare
1019 2594 1121 2668 possit
1145 2609 1249 2666 neque
1344 2656 1346 2660 ,
1394 2604 1396 2609 ·

78 2707 157 2782 ,hac
180 2707 214 2767 in
238 2708 293 2767 re”
318 2708 349 2777 (b
374 2723 401 2767 e.
426 2704 457 2766 έν
479 2707 594 2790 τούτῳ),
617 2708 727 2780 itaque
749 2707 922 2781 legendum
948 2722 1063 2766 censeo
1087 2703 1119 2764 έυ
1140 2703 1251 2782 αὐτοῖς,

74 2820 113 2882 df.
138 2834 237 2894 supra
260 2821 362 2881 427E
386 2819 402 2880 ὅ
424 2843 450 2879 τι
471 2816 509 2878 dv
533 2818 660 2878 αὐτῶν
684 2818 815 2897 εὕρωμεν
835 2823 893 2877 κτλ.
918 2819 999 2878 Puto
1020 2818 1109 2878 vocis
1133 2816 1253 2878 αὐτοΙΟ

73 2934 155 2995 duas
185 2935 352 2995 extremas
382 2934 508 2993 litteras
531 2935 606 2993 ante
630 2948 769 3006 sequens
792 2935 820 2990 Κ
844 2933 1014 3008 excidisse,
1040 2932 1153 2993 deinde
1177 2930 1250 2992 αὐτο

71 3048 106 3107 in
136 3045 218 3130 αὐτῷ
250 3062 269 3107 a
300 3050 477 3108 correctore
507 3050 672 3107 mutatum
700 3062 782 3107 esse.
807 3047 904 3108 Porro
930 3047 1053 3119 corrige
1073 3045 1251 3124 κατάδηλος,

71 3177 151 3224 nam
173 3160 208 3222 τὸ
230 3161 397 3238 κατάδηλον
420 3154 496 3220 ελυαι
515 3161 604 3221 nullo
628 3162 722 3222 modo
741 3162 920 3235 proprietas
942 3161 1050 3233 aliqua
1068 3168 1119 3238 τῆς
1142 3160 1250 3236 σοφίας

73 3275 110 3335 ut
127 3273 162 3335 τὸ
181 3274 325 3353 χρήσιμον
345 3267 421 3334 εἶναι
439 3275 547 3335 vocari
566 3276 690 3348 potest;
712 3288 938 3348 praegressum
950 3282 1068 3351 πρῶτον
1080 3274 1247 3334 librarium

7 3405 18 3427 ·
72 3389 106 3449 in
135 3404 278 3449 errorem
310 3389 412 3450 duxit.
446 3381 464 3472 Η
496 3388 680 3449 Heindorfio
707 3383 929 3465 βουλευομένην
960 3388 1132 3461 corrigenti
1162 3389 1249 3447 recte

72 3504 250 3576 paruerunt
278 3502 339 3562 soli
364 3503 426 3561 Ast
449 3502 560 3562 Stallb.
584 3502 702 3562 Baiter.
727 3502 765 3559 In
788 3501 998 3573 sequentibus
1021 3501 1107 3560 enim
1132 3500 1171 3559 ad
1194 3499 1249 3578 τὴν

73 3611 148 3695 ὑπὲρ
179 3623 238 3674 τῶν
268 3612 300 3674 ἐκ
329 3622 382 3674 τοῦ
413 3617 523 3693 χαλκοῦ
547 3617 580 3675 et
602 3611 656 3690 τὴν
679 3610 753 3693 ὑπὲρ
776 3621 829 3673 τοῦ
853 3621 970 3692 καρποῦ
993 3617 1042 3672 κτλ
1066 3615 1249 3677 necessario

73 3725 296 3808 βουλευομένην
315 3728 539 3802 cogitandum
560 3727 599 3786 cf.
620 3728 653 3786 in
673 3727 691 3796 ἓ
712 3727 770 3787 uit.
792 3722 976 3804 ἐπιστήμη,ἣ
986 3772 1056 3784 .....
1069 3727 1248 3806 βουλεύεται.

74 3843 159 3903 Ante
183 3839 405 3920 βουλευομένην
428 3841 498 3901 dele
522 3854 589 3899 vot.
615 3835 786 3916 ἐπιστήμην.
810 3873 853 3881 -
873 3839 943 3899 Vam
968 3840 993 3898 L
1016 3832 1036 3922 ᾗ
1046 3884 1117 3897 .....
1142 3836 1248 3918 ἑαυτῆς

76 3952 159 4032 (Par.
184 3956 214 4016 A
233 3971 297 4016 sec.
318 3956 448 4029 Gampb.
470 3954 576 4014 exhib.
598 3951 700 4029 αὐτῆς,
719 3969 782 4014 που
802 3951 920 4032 ἑαυτῆς)
941 3955 1115 4028 probarunt
1134 3954 1247 4014 Herm.

75 4067 233 4130 Schmelz.
263 4067 404 4143 Campo,
436 4067 650 4142 ineptissime,
681 4082 759 4127 nam
790 4062 809 4143 ἡ
841 4064 991 4144 φυλακικὴ
1022 4068 1196 4139 degenerat
1219 4068 1248 4127 si

5 4167 52 4245 ι)
73 4177 149 4262 ὑπὲρ
181 4179 273 4259 αὐτῆς
302 4184 433 4242 tantum
462 4180 643 4258 βουλεύεται.
676 4172 695 4264 ΙΙ
726 4181 796 4239 V³¹¹¹
827 4181 852 4240 L
882 4175 974 4258 ἄριστ’
1004 4176 1043 4238 biv
1065 4195 1121 4254 pro
1144 4175 1247 4257 ἄριστα

72 4296 162 4372 prob.
194 4296 257 4356 Ast
287 4290 396 4371 (1814)
428 4294 539 4355 Stailb.
571 4295 666 4370 Bait,
691 4295 821 4369 optime,
846 4294 919 4354 vide
944 4310 1041 4368 supra
1063 4295 1096 4354 in
1119 4291 1138 4370 β
1162 4293 1184 4354 O
1208 4289 1248 4365 ὡς

32 4421 35 4427 “
72 4407 113 4469 ἂν
132 4406 193 4488 ἔχοι
212 4405 351 4487 βέλτιστα.
371 4409 433 4468 Ast
451 4411 618 4482 praeterea
637 4408 676 4468 ci.
699 4400 788 4466 ὅντιν’
809 4402 847 4464 dv
859 4405 977 4485 τρόπον.
990 4407 1074 4480 Lege
1086 4405 1191 4483 νυνδή.
1203 4441 1244 4449 -

71 4524 147 4585 Par.
179 4523 209 4583 A
239 4537 302 4582 sec.
334 4521 464 4597 Oampb.
497 4523 628 4582 exhibet
655 4517 779 4598 τελέους,
802 4536 866 4583 non
889 4516 998 4610 τελέας.
1022 4520 1115 4581 Unus
1138 4521 1247 4580 Baiter
