3000 5018
777 283 839 343 154

217 473 285 545 est;
311 485 385 530 eum
410 471 497 531 enim
521 470 704 558 subiectum
728 467 770 540 (τὸ
793 467 964 547 παράδοξον
984 474 1070 527 τοῦτο
1093 468 1127 529 in
1150 469 1214 528 472
1238 466 1278 538 Α)
1306 467 1394 527 verbi

217 581 311 661 μέλλει
341 585 374 643 in
404 585 563 658 proximis
592 584 673 658 ipsis
702 583 815 643 ductui
845 583 1069 656 comparatum
1092 582 1136 640 sit
1160 595 1262 654 eaque
1286 580 1394 655 imago

221 712 297 758 voce
320 696 513 755 κατακλύσειν
537 698 618 757 satis
643 712 802 771 superque
825 697 859 757 in
883 695 1067 756 auditorum
1090 694 1286 754 memoriam
1306 709 1394 755 rovo-

221 812 321 886 cetur,
353 825 416 870 non
448 810 589 871 adducor
619 812 656 870 ut
687 810 815 871 credam
845 809 1023 884 Platonem,
1048 810 1205 880 tanquam
1229 807 1394 867 rhetorem

220 923 380 983 tumidam
412 924 590 984 orationem
621 926 813 999 sectantem,
844 921 979 996 imagini
1010 922 1187 995 imaginem
1210 921 1393 994 superaddi·

221 1039 323 1112 disse;
359 1039 526 1111 praeterea
561 1036 763 1112 significatus
798 1037 886 1097 vocis
921 1033 1040 1116 ἐκγελᾶν
1072 1031 1124 1111 (of.
1156 1034 1252 1093 Hom.
1277 1031 1393 1106 Odyss.

223 1154 273 1212 16.
298 1153 373 1225 345,
404 1151 453 1211 18.
480 1148 533 1227 85)
566 1151 714 1226 violatur,
746 1151 862 1236 quippe
892 1151 976 1225 quod
999 1147 1118 1228 ἐκγελᾶν
1147 1148 1283 1208 minime
1307 1147 1393 1208 idem

221 1265 309 1324 valet
342 1279 379 1324 ao
413 1262 559 1339 καχάζειν,
594 1264 657 1324 etsi
684 1264 814 1338 fortoeoo
844 1264 918 1334 (vid.
951 1263 1072 1324 Polluo.
1105 1266 1135 1325 6.
1167 1263 1241 1332 119)
1272 1258 1394 1340 ἔκγελος

220 1392 336 1451 parum
366 1376 473 1437 differt
503 1394 523 1438 a
554 1377 621 1437 risu
652 1377 824 1439 sardonico
855 1379 889 1438 et
915 1381 1020 1437 πλατεῖ
1038 1374 1148 1455 γέλωτι.
1172 1375 1218 1436 De
1241 1375 1393 1436 fluetibus

221 1490 481 1567 scintillantibus,
515 1507 579 1552 νον
613 1492 651 1552 de
686 1492 788 1551 maris
824 1491 979 1553 oaohinno
1012 1494 1101 1570 γελᾶν
1135 1492 1219 1566 apud
1254 1490 1394 1551 Graecos

220 1605 399 1681 adhibetur,
424 1606 497 1666 vide
528 1621 579 1666 en.
603 1620 649 1678 gr.
674 1604 825 1679 Aeschyl.
850 1605 956 1665 Prom.
982 1606 1024 1665 89
1047 1604 1177 1665 ποντίων
1199 1625 1229 1663 τε
1252 1603 1392 1681 κυμάτων

220 1715 450 1796 ἀνήριθμον
491 1716 673 1799 γέλασμα.
715 1718 940 1793 interpolatori
981 1718 1080 1792 igitur
1113 1719 1289 1779 reddantur
1323 1733 1391 1778 sua.

221 1831 430 1892 Herwerdeni
453 1833 486 1892 0⁸
505 1831 578 1902 (Mn.
602 1829 698 1909 1883)
718 1830 745 1891 εἰ
762 1828 813 1890 καλ
832 1828 926 1908 μέλλει
945 1814 1066 1910 ἔνγελώς
1084 1827 1114 1890 τέ
1133 1853 1176 1902 τις
1187 1828 1236 1890 καλ
1250 1828 1356 1903 ἀδοξία
1372 1825 1390 1901 1)

221 1942 346 2022 ἀτεχνῶς
381 1943 478 2022 ὥσπερ
511 1953 591 2022 κῦμα
625 1945 817 2004 κατακλύσειν
846 1943 1054 2006 difficultates
1083 1960 1148 2006 non
1178 1948 1327 2005 removet
1361 1946 1391 2004 et

220 2058 306 2118 iusto
328 2059 480 2119 audaoior
502 2060 562 2120 est.
587 2059 743 2119 Richards
760 2055 874 2136 (Oiass.
898 2059 977 2119 Rev.
1004 2056 1100 2136 1893)
1125 2058 1164 2121 oi.
1188 2073 1244 2132 pro
1269 2055 1391 2137 ἐκγελῶν

165 2170 195 2234 Ι)
220 2167 419 2247 ι’κπνρδῶν,
451 2186 514 2245 quo
537 2172 582 2232 nil
604 2163 1023 2255 proficimus.iiRioha1-dso
1047 2168 1161 2248 (Oiass.
1185 2171 1265 2232 Rev.
1298 2172 1390 2242 1898)

220 2283 397 2357 postulanti
426 2281 476 2342 καὶ
504 2292 595 2344 ταῦτα
619 2290 685 2360 (pro
708 2282 758 2344 καὶ
780 2289 876 2356 τοῦτο)
901 2287 987 2345 recto
1012 2284 1176 2359 Gampbell
1200 2285 1390 2346 adversatus

221 2397 282 2457 est.
297 2429 337 2440 —
351 2396 425 2456 Mox
449 2398 581 2471 vulgata
601 2397 636 2456 ai
655 2395 760 2457 notiori
784 2396 913 2475 (φύσεις)
936 2398 1046 2472 prooul
1070 2398 1165 2458 dubio
1185 2398 1305 2459 vitiosa
1325 2401 1389 2459 est:

221 2511 394 2582 quominus
418 2511 504 2573 enim
529 2511 584 2571 ilia
608 2512 705 2571 verba
736 2513 806 2572 sive
828 2512 1062 2587 perplurimae
1085 2512 1155 2572 sive
1177 2526 1234 2585 per
1255 2512 1391 2588 ootqaree

222 2624 279 2695 (sio
320 2624 439 2695 Baiter)
475 2626 642 2684 vertamus
676 2624 805 2698 linguae
841 2640 920 2686 usus
954 2624 1099 2699 impedit,
1135 2624 1200 2685 illio
1235 2625 1391 2715 nimirum
1442 2624 1443 2629 ’

222 2738 314 2799 Plato
344 2739 523 2814 scripturus
552 2739 658 2799 iuerat
688 2737 720 2798 ολ
746 2736 848 2799 πολλοὶ
880 2739 1003 2799 omissa
1033 2754 1111 2798 voce
1141 2738 1256 2814 φύσεις,
1289 2739 1341 2800 hio
1363 2737 1392 2797 oi

221 2849 351 2929 πονηραὶ
381 2853 486 2928 φύσεις
516 2855 553 2913 ut
583 2852 777 2914 Liebholdus
808 2849 926 2929 (Fleok.
950 2852 1020 2912 Jbb.
1048 2852 1142 2922 1888)
1174 2852 1392 2925 reponendum

222 2966 358 3025 censuit.
390 2966 434 3025 At
463 2968 554 3041 patet
582 2967 754 3039 uuicuique
786 2966 955 3027 Platonem
985 2965 1125 3026 voluisse
1156 2966 1257 3026 areeri
1288 2981 1393 3026 οντνοο

221 3080 264 3138 dd
293 3093 394 3138 unam
417 3079 532 3156 φύσεις,
560 3095 643 3153 quae
665 3077 752 3156 χωρὶς
775 3074 819 3155 ἐφ’
845 3076 981 3157 ἕκύτερον
1004 3079 1189 3157 πορεύωνται
1211 3080 1232 3139 i.
1258 3095 1286 3140 e.
1311 3095 1393 3153 quae

221 3191 291 3252 sive
322 3194 548 3254 tantummodo
579 3191 739 3269 φιλόσοφοι
770 3193 840 3252 sive
862 3188 1007 3252 πολιτικαὶ
1031 3193 1160 3251 tantum
1184 3192 1260 3267 sint,
1285 3192 1393 3266 itaque

222 3321 280 3366 neo
312 3306 477 3367 Liebholdi
500 3306 533 3383 (l.
557 3304 591 3384 1.)
624 3322 729 3379 neque
760 3305 868 3380 Apelti
900 3303 1018 3384 (Fieok.
1047 3305 1117 3365 Jbb.
1146 3305 1230 3364 1890
1253 3305 1306 3367 bd.
1333 3308 1391 3367 141

223 3419 255 3478 et
281 3420 364 3480 1898
396 3420 545 3491 1111147)
577 3421 796 3481 coniecturam
828 3417 872 3488 (ai
898 3413 1054 3489 notaverat)
1086 3433 1198 3478 veram
1223 3433 1307 3495 esse,
1339 3419 1393 3480 sed

222 3533 319 3592 unius
342 3532 494 3607 Madvigii
516 3532 550 3591 oi
569 3530 659 3611 χολαὶ
681 3531 796 3608 φύσεις,
818 3547 916 3605 quam
940 3531 1017 3592 lieet
1040 3547 1154 3591 omnes
1173 3532 1392 3606 improbarint,

222 3659 281 3717 ego
312 3644 480 3707 defendere
511 3662 575 3707 non
606 3647 763 3706 desistam
796 3645 867 3706 coil.
900 3661 951 3705 en.
975 3660 1021 3718 gr.
1048 3645 1161 3705 5351)
1191 3642 1394 3724 πρῶτονμὲν,

222 3752 316 3836 εἷπον,
337 3759 499 3842 φιλοπονίᾳ
523 3758 559 3820 ού
582 3757 704 3837 χωλὸν
729 3759 777 3818 δεῖ
795 3751 871 3818 εἶναι
894 3756 945 3817 τὸν
968 3753 1132 3834 ἁψόμενον,
1154 3755 1190 3816 τὰ
1213 3753 1267 3834 μὲν
1290 3754 1393 3835 ἡμίσεα

223 3870 399 3950 φιλόπονον,
421 3870 457 3932 τὰ
480 3869 513 3931 δὲ
534 3867 640 3950 ἡμίσεα
660 3868 785 3947 ύπονον,
808 3872 967 3933 Phaedon.
990 3871 1068 3931 itii
1088 3867 1162 3930 ἀλλὰ
1180 3871 1272 3953 ταύτῃ
1296 3868 1393 3949 χωλὴ

223 3984 302 4044 ἔσται
332 3981 351 4062 ἡ
383 3985 513 4062 φύσις,
535 3985 617 4046 aliie.
645 3983 685 4044 Τὸ
709 3983 803 4062 χωλὸν
826 3992 877 4062 τῆς
899 3993 959 4043 τῶν
982 3981 1132 4062 ἀρχόντων
1156 3984 1274 4060 φύσεως
1298 3983 1394 4046 effloit

223 4102 260 4160 ut
292 4115 356 4160 non
387 4101 455 4160 toto
485 4112 620 4160 munere
650 4098 836 4173 fungantur,
868 4096 925 4158 sed
955 4096 1087 4159 dimidio
1118 4098 1258 4173 tantum,
1287 4097 1393 4171 itaque

222 4229 297 4276 oum
320 4214 458 4275 debeant
481 4207 522 4273 ἐπ’
548 4209 700 4291 ἀμφότερα
722 4212 818 4273 ον’νιονλ
845 4211 1005 4287 accedere,
1029 4211 1207 4284 separatim
1230 4204 1275 4287 ἐφ’
1301 4207 1393 4271 ἑκάτε-

159 4384 161 4389 ,
219 4349 274 4406 ρον
297 4329 427 4388 tantum
451 4328 621 4402 proaedere
644 4326 780 4400 possint.
793 4359 847 4390 ,-
872 4325 1032 4395 11191111.
1057 4322 1196 4385 (tobetus
1220 4321 1392 4402 (notamst

256 4569 275 4634 ι)
293 4571 376 4620 Verba
391 4573 485 4630 ἔκγιλιλς
502 4572 526 4618 ια’
542 4588 576 4628 τις
595 4573 621 4619 et
637 4568 719 4625 ὰδσελα
736 4571 762 4618 in
779 4584 831 4620 uno
848 4569 936 4619 oodioe
955 4564 1128 4634 (interpolato)
1146 4571 1292 4617 ooourrunt
1304 4608 1316 4620 ..
