3000 5018
783 270 824 330 64

399 458 560 538 σκορόδων,
582 457 686 536 ἐλαῶν,
707 458 869 538 κρομμύων
892 457 923 518 ἐν
948 444 1087 531 δικτύοις

398 571 562 648 στεφάνων,
584 571 741 651 τριχιδίων,
764 571 959 650 αὐλητρίδων,
981 572 1127 633 ὑπωπίων
1151 577 1209 632 κτλ.

266 685 470 746 Stallbaumii
505 688 687 747 emendatio
721 683 771 745 ιιαί
801 682 882 764 ἕτερα
913 684 1048 764 πέμματα
1081 689 1257 749 admodum
1289 688 1401 762 friget.

221 799 291 859 Non
324 800 408 859 male
440 802 510 860 Ast.
542 802 575 861 et
605 800 685 861 Bklr.
717 801 832 862 Veneti
866 802 896 858 11
925 801 1097 861 lectionem
1133 798 1254 872 <ιιαί>
1289 799 1402 861 ἕκαστα

222 914 409 986 receperunt
443 907 520 993 („Et
551 913 681 986 quidem
712 914 840 987 singula
873 915 1013 974 istorum
1044 915 1124 974 varii
1154 915 1330 993 generis”).
1358 949 1401 959 —

191 1111 194 1117 .
221 1026 326 1086 Verba
360 1023 409 1084 ιιαὶ
442 1024 497 1103 τὴν
529 1027 688 1102 ποικιλίαν,
719 1042 801 1100 quae
831 1027 903 1089 Par.
936 1030 964 1088 A
996 1043 1071 1104 om,
1096 1028 1260 1089 eiecerunt
1282 1029 1401 1091 Herm.

221 1142 303 1201 Bait.
328 1141 521 1201 Schmelzer.
546 1143 590 1201 At
608 1143 695 1201 recte
715 1141 887 1201 Schneider
908 1144 940 1202 et
961 1142 1091 1216 campo.
1114 1142 1211 1203 verba
1223 1146 1404 1204 servarunt

221 1270 383 1314 memores
413 1255 598 1315 crebrarum
629 1255 766 1314 Parisini
795 1256 825 1314 A
856 1256 974 1316 codicis
1005 1257 1231 1317 omissionum.
1255 1257 1403 1315 Ποιπιίία

220 1369 411 1443 praesertim
441 1369 479 1429 de
511 1371 580 1428 arte
611 1384 672 1428 acu
702 1369 852 1442 pingendi
882 1369 1090 1443 intelligenda
1123 1371 1182 1446 est,
1207 1370 1246 1430 ci.
1271 1385 1324 1430 ex.
1351 1386 1402 1444 gr.

170 1469 198 1534 B
222 1470 360 1556 Euthyp.
393 1484 412 1542 6
442 1481 468 1540 B
492 1480 524 1557 0,
549 1481 627 1556 Rep.
652 1482 714 1541 401
741 1483 779 1542 A.
805 1472 824 1563 ΙΙ
848 1483 876 1542 J.
901 1482 1032 1542 Richter
1056 1480 1174 1560 (Fleck.
1198 1482 1269 1545 Jbb.
1298 1482 1403 1561 1867)

221 1598 260 1656 ci.
285 1595 402 1673 μείζονα
422 1595 563 1673 τοιαύτην
584 1592 622 1672 (s.
643 1595 765 1673 ταύτην)
786 1594 840 1671 τήν
860 1594 956 1670 πόλιν,
976 1596 1086 1657 Heller
1106 1595 1191 1673 (Gur.
1206 1596 1282 1658 (trit.
1296 1612 1329 1671 p.
1343 1598 1403 1675 33)

220 1712 332 1768 autem
355 1709 538 1781 requirebat
560 1707 680 1784 μείζονά
699 1730 728 1767 τε
748 1705 843 1785 αὐτὴν
862 1707 916 1784 τὴν
936 1708 1023 1768 πόλιν
1036 1714 1095 1786 ατί,
1107 1712 1241 1782 uterque
1253 1711 1403 1783 graviter

219 1821 339 1895 lapsus.
365 1811 412 1880 Αὖ
430 1823 651 1881 necessarium
673 1824 723 1882 est
742 1825 778 1882 ut
799 1822 947 1883 Socrates
966 1824 1107 1884 declaret
1118 1838 1203 1883 nova
1215 1823 1403 1888 accretione

219 1951 300 2010 opus
323 1951 405 2011 esse,
432 1936 537 1996 verbis
560 1936 671 1994 autem
695 1933 748 2011 τὴν
773 1933 859 1994 πόλιν
884 1951 961 1997 vera
984 1938 1017 1997 et
1044 1952 1124 1997 sana
1148 1936 1274 2011 civitae,
1298 1948 1400 2009 quam

220 2050 315 2109 modo
343 2049 550 2110 condiderant
573 2047 625 2125 (cf.
651 2047 673 2108 0
697 2044 728 2105 ἐν
751 2057 786 2130 τῇ
810 2045 936 2131 προτέρα
959 2047 1065 2125 πόλει),
1090 2049 1260 2110 indicatur.
1286 2047 1402 2108 Obiter

218 2164 340 2236 corrige
371 2162 457 2238 μείζω
487 2177 544 2235 pro
575 2161 701 2238 μείζονα.
734 2196 773 2202 -
809 2162 855 2222 De
886 2163 951 2222 illis
982 2167 1142 2239 θηρευταῑς
1175 2162 1211 2224 G.
1242 2161 1401 2222 Benseler

220 2275 337 2353 (Fleck.
362 2276 432 2336 Jbb.
460 2276 543 2335 1881
565 2274 616 2335 bd.
640 2275 714 2351 123)
735 2277 883 2349 perdocte
905 2276 1083 2350 disputavit
1103 2275 1299 2336 vocabulum
1319 2275 1401 2335 illud

219 2390 345 2464 proprio
368 2403 467 2448 sensu
490 2387 709 2461 accipiendum
731 2404 803 2448 esse
823 2403 969 2449 monens.
988 2389 1102 2449 Astius
1115 2389 1203 2449 enim
1214 2404 1271 2463 per
1283 2387 1401 2458 πάντας

220 2502 438 2576 metaphorice
468 2503 567 2562 etiam
600 2503 763 2576 sophistas
786 2503 947 2577 designari
970 2504 1114 2578 putabat,
1139 2503 1194 2575 qui
1217 2517 1267 2576 ap.
1294 2501 1399 2562 Plato·

218 2631 294 2676 nem
319 2613 426 2693 (Soph.
451 2616 513 2674 231
539 2611 576 2692 D)
597 2612 673 2673 νέων
692 2612 741 2674 καὶ
760 2615 911 2674 πλουσίων
930 2613 1070 2692 ἔμμισθοι
1089 2612 1235 2693 θηρευταὶ
1247 2616 1398 2677 audiunt.

189 2730 191 2735 '
218 2729 317 2788 Recte
342 2729 453 2791 Stallb.
478 2730 649 2788 venatores
673 2729 764 2788 cuius
788 2728 865 2789 libet
888 2729 1016 2801 generis
1040 2727 1201 2803 intelligit,
1226 2743 1292 2788 non
1317 2729 1399 2789 mul·

218 2842 367 2901 titudinis
396 2841 537 2915 gratiam
568 2855 620 2918 acl
636 2841 850 2916 dominatum,
883 2842 939 2900 sed
970 2842 1093 2902 bestias
1118 2841 1286 2902 venantes
1315 2841 1400 2901 Non·

218 2954 308 3015 nulla
329 2957 519 3015 venatorum
539 2969 657 3028 genera
676 2955 710 3012 in
730 2955 869 3027 Legibus
888 2955 1003 3025 (8231)
1023 2955 1086 3015 824
1100 2955 1135 3024 Β)
1153 2957 1399 3016 enumerantur.

220 3067 437 3141 campbellius
456 3082 582 3141 quoque
603 3068 828 3141 metaphoram
846 3069 908 3128 huc
927 3084 991 3129 non
1009 3068 1163 3129 admittit.
1178 3101 1220 3111 -
1233 3069 1296 3129 Per
1308 3091 1400 3146 μιμη-

216 3178 268 3252 τὰς
291 3178 358 3259 περὶ
380 3179 415 3239 τὰ
439 3179 570 3258 σχήματά
594 3201 623 3239 τε
646 3177 696 3238 καὶ
718 3180 854 3258 χρώματα
879 3180 1009 3254 Campb.
1034 3183 1121 3241 recte
1148 3181 1304 3255 intelligit
1326 3185 1399 3243 tam

217 3295 397 3370 sculptores
430 3291 629 3371 (statuarios)
657 3308 756 3366 quam
780 3294 936 3368 pictores;
961 3293 1115 3354 Benseler
1138 3290 1172 3370 (l.
1196 3290 1231 3370 l.)
1255 3294 1400 3367 pictores

216 3411 347 3470 tantum
380 3407 518 3481 intelligi
557 3408 627 3467 vult
661 3409 789 3482 propter
821 3408 883 3467 601
916 3407 945 3465 A
977 3402 992 3465 ὁ
1025 3403 1178 3484 ζωγράφος
1213 3405 1400 3484 σκυτοτόμον

217 3521 333 3598 ποιήσει
346 3566 353 3582 .
368 3565 373 3578 .
388 3566 393 3578 .
408 3566 414 3578 .
432 3524 493 3591 τοῖς
514 3517 554 3597 μὴ
574 3517 729 3579 ἐπαΐουσιν
742 3517 799 3597 (sc.
812 3515 879 3596 περὶ
892 3515 1108 3596 σκυτοτομίας),
1121 3516 1153 3577 ἒιι
1163 3526 1222 3577 τῶν
1234 3518 1399 3596 χρωμάτων

218 3630 250 3693 δὲ
281 3630 331 3692 καὶ
361 3632 516 3711 σχημάτων
549 3637 725 3711 θεωροῦσιν,
761 3633 890 3708 „farben
922 3634 987 3692 und
1018 3631 1191 3692 umrl'sse.”
1215 3631 1283 3705 Ego
1306 3647 1400 3693 mnne

216 3763 315 3823 ροιιιιε
347 3749 547 3822 sculptorum
582 3750 616 3807 et
649 3747 809 3821 pictorum
841 3745 893 3823 (ci.
926 3748 991 3806 420
1023 3743 1057 3822 (t)
1085 3745 1239 3819 intelligo.
1263 3745 1303 3806 In
1328 3748 1398 3807 cod.

165 3861 196 3925 l)
220 3860 298 3922 Ven.
324 3863 334 3921 t
354 3863 393 3922 ad
414 3859 553 3944 ῥαψῳδοί
570 3861 657 3920 idem
677 3859 819 3920 scholion
840 3859 967 3935 legitur,
988 3859 1073 3933 quod
1093 3860 1133 3920 ad
1152 3860 1220 3920 Ion.
1242 3851 1397 3940 530111

218 3974 317 4035 Recte
352 3974 490 4035 Gobetus
525 3970 683 4050 (nonnulli
714 3973 802 4033 codd.
834 3971 914 4050 χρεία
946 3969 1111 4049 exhibent)
1143 3972 1284 4033 correxit
1315 3971 1399 4054 χρείᾳ

217 4103 273 4162 pro
304 4088 412 4166 χρείαις
439 4087 510 4147 coll.
534 4088 599 4146 410
624 4087 662 4160 A,
688 4087 750 4145 567
764 4086 802 4145 A.
830 4085 994 4159 Gampbell
1016 4084 1125 4163 χρείαις
1150 4085 1293 4146 defendit
1319 4100 1398 4146 voce

218 4200 366 4272 εὐπετείας
401 4203 434 4261 in
470 4203 534 4262 364
565 4200 588 4260 0
618 4197 708 4277 (legit
737 4200 823 4260 enim
855 4196 931 4278 πέρι,
963 4215 1026 4260 non
1052 4197 1141 4277 περί).
1165 4199 1290 4259 Littera
1314 4216 1333 4258 σ
1358 4215 1399 4261 ex

218 4316 434 4391 dittographia
460 4317 538 4375 nata
562 4317 613 4376 est
640 4312 1029 4391 (XPElAOEOOMEoA).
1056 4348 1090 4356 -
1120 4309 1191 4374 Pari
1216 4304 1259 4372 AI
1287 4313 1397 4376 lectio·

217 4447 293 4492 nem
317 4427 337 4510 ἢ
359 4439 423 4501 πῶς
447 4427 576 4510 ίέχαμευ
600 4431 790 4505 receperunt
813 4428 875 4489 soli
897 4429 980 4489 Bait.
1004 4431 1038 4489 et
1061 4427 1191 4503 campb.
1216 4443 1293 4488 cum
1318 4429 1398 4492 Bek-

209 4546 299 4607 Aero.
331 4545 535 4607 indicativus
566 4546 617 4605 est
647 4543 886 4618 interrogantis
919 4541 1144 4602 coniunctivus
1173 4540 1397 4606 deliberantis.
