3000 5018
724 295 743 353 3

122 463 228 539 undo
260 481 363 540 altera
393 484 554 551 (πολιτεῖαι)
584 482 750 555 inscriptio
782 485 853 542 orta
883 483 937 556 sit,
970 483 1096 542 nullum
1122 486 1248 545 certum
1272 501 1317 545 re-

146 608 301 667 sponsum
322 595 397 654 dare
417 610 561 669 possum,
582 596 638 654 sed
661 595 835 655 verisimile
856 611 928 655 esee
949 596 1030 655 duco
1051 597 1219 670 pertimeo
1235 599 1319 669 quod

145 707 178 765 in
210 705 273 766 fine
304 709 409 780 operis
441 708 569 768 diversa
592 707 786 782 reipublicae
810 723 928 780 genera
952 711 1114 779 (πολιτεῖαι)
1139 711 1317 770 describan-

146 822 199 879 tur
234 822 267 879 et
301 822 540 895 recenseantur,
576 821 693 894 partim
726 836 861 880 numero
893 821 1009 894 plurali
1041 823 1168 894 cognati
1191 823 1319 898 dialogi,

146 933 197 1003 cui
228 930 328 1008 Νόμοι
358 949 478 993 nomen
507 934 647 993 inditum
679 936 739 1009 est,
772 934 916 1006 itemque
948 950 1082 994 numero
1113 935 1229 1008 plurali
1253 937 1321 996 Ari·

147 1045 274 1106 stotelis
305 1048 482 1120 Πολιτικῶν,
513 1047 567 1106 ubi
595 1047 708 1106 eadem
732 1046 925 1120 reipublicae
949 1062 1067 1119 genera
1092 1049 1321 1109 examinantur

147 1174 230 1230 quae
260 1159 344 1232 apud
376 1160 555 1234 Platonem,
580 1161 732 1220 effectum
757 1175 830 1219 esse
853 1162 890 1218 ut
913 1161 945 1218 in
970 1161 1090 1220 scholis
1114 1163 1206 1221 iuxta
1232 1164 1322 1220 Πολι-

146 1271 222 1343 ιείιις
257 1274 290 1333 01
325 1252 487 1331 liettardo
518 1288 638 1333 nomen
668 1274 826 1347 paulatim
857 1272 1040 1332 invaluerit.
1072 1274 1142 1333 Non
1167 1288 1247 1348 opus
1272 1276 1323 1335 est

147 1403 200 1446 me
224 1402 355 1447 monere
379 1388 412 1447 in
433 1403 471 1447 ea
494 1387 635 1447 nominis
659 1388 839 1446 mutatione
865 1388 1050 1446 Aristotelis
1074 1387 1229 1458 Πολιτείας
1254 1388 1321 1448 nul·

147 1500 211 1560 lius
241 1503 400 1561 momenti
430 1501 532 1561 fuisse
562 1501 662 1560 nimio
695 1500 879 1560 discrimine
904 1501 988 1560 inter
1011 1503 1091 1561 haec
1114 1502 1176 1561 duo
1203 1502 1322 1575 scripta

149 1616 377 1675 intercedente.
693 1675 696 1679 .

192 1728 307 1787 Restat
340 1730 378 1787 ut
412 1729 451 1787 de
481 1728 631 1788 additicio
658 1728 753 1787 titulo
783 1725 850 1802 ιιερὶ
879 1727 995 1787 δικαίου
1020 1743 1121 1801 pauca
1146 1729 1262 1789 dicam.
1288 1729 1321 1788 Is

148 1842 256 1915 procul
289 1841 384 1900 dubio
416 1857 480 1901 non
511 1856 530 1900 a
562 1841 694 1900 Platone
711 1841 869 1919 ,adiectus
893 1841 952 1915 est,
977 1842 1034 1901 sed
1057 1841 1125 1901 falli
1149 1841 1321 1901 Schneider

148 1956 228 2014 mihi
253 1955 380 2013 videtur
402 1956 493 2014 ratus
516 1956 644 2027 propter
669 1952 819 2026 Diogenis
844 1950 979 2029 (11157)
1004 1954 1102 2014 verba
1126 1969 1202 2013 eum
1227 1955 1321 2014 Thra.

148 2069 231 2140 syllo
266 2069 507 2127 attribuendum
544 2082 626 2127 esse.
660 2067 816 2141 Primum,
848 2081 930 2138 quae
962 2069 995 2125 et
1026 2065 1135 2126 (lebeti
1159 2068 1321 2127 sententia

149 2181 220 2253 fuit,
242 2196 304 2239 non
324 2182 363 2241 de
382 2181 438 2240 1110
459 2181 638 2255 Thrasyllo,
659 2181 713 2252 qui
734 2181 793 2238 sub
815 2180 940 2239 Tiberio
959 2180 1077 2255 floruit,
1097 2182 1321 2255 cogitandum;

149 2293 272 2367 deinde,
293 2293 423 2352 etiarnsi
442 2292 610 2364 Thrasyllo
631 2292 829 2364 dialogorum
851 2292 883 2351 in
901 2293 1089 2364 tetralogias
1102 2294 1216 2352 divisio
1230 2294 1321 2354 relin-

148 2405 796 2478 00011110001(11001011101000110011.
822 2421 851 2464 v.
877 2405 906 2463 d.
931 2405 960 2464 d.
986 2405 1110 2465 Usener
1137 2399 1157 2474 ¹)
1183 2407 1216 2466 et
1241 2407 1323 2466 Wei-

148 2519 211 2577 lius
237 2512 259 2586 2)
284 2518 488 2591 Tyrannioni,
513 2519 657 2590 Dionysii
681 2518 814 2577 Thracis
838 2519 1003 2593 discipule,
1025 2535 1097 2578 eam
1119 2519 1320 2592 tribuentes),

149 2632 283 2691 minime
326 2631 472 2703 sequitur
514 2646 590 2690 eum
632 2633 665 2689 et
703 2631 871 2690 additicios
905 2631 1018 2690 titulos
1055 2606 1180 2703 quibus
1205 2632 1322 2704 dialogi

148 2745 399 2819 distinguuntur,
442 2746 654 2816 excogitasse.
698 2746 815 2818 Immo,
855 2745 891 2802 ut
926 2744 1134 2803 Alexandrini
1170 2745 1320 2804 Herodot‘

147 2858 237 2917 libris
272 2873 443 2917 musarum
478 2858 609 2917 nomina
645 2857 760 2917 dedere
791 2857 842 2916 vel
873 2856 1007 2916 Homeri
1039 2857 1224 2930 rhapsodiis'
1250 2858 1323 2918 illas

146 2972 265 3044 partim
289 2971 355 3029 iarn
379 2971 412 3029 in
438 2969 553 3042 vulgus
575 2972 671 3029 notas
693 2969 919 3043 inscriptiones
943 2967 1025 3042 duae
1048 2972 1232 3042 argumenti
1252 2972 1322 3031 vice

148 3084 334 3159 iunguntur,
371 3084 483 3156 quales
517 3086 594 3143 sunt
628 3082 822 3160 ιειχοσιιοιιίοι,
861 3082 986 3157 μήνιδος
1014 3080 1195 3162 ’ἀπόρρησις
1229 3085 1321 3159 01100,

148 3200 340 3273 imposuere,
376 3199 423 3258 sic
460 3201 492 3257 et
523 3198 667 3257 Platonis
704 3197 839 3270 dialogis
874 3197 947 3256 illos
982 3198 1095 3258 titulos
1126 3199 1320 3258 adiecerunt.

148 3313 198 3372 An
223 3329 298 3373 vero
321 3313 460 3373 alterum
486 3326 611 3384 quoque
640 3311 899 3371 additamentum
924 3309 1071 3380 πολιτικὸς
1095 3310 1322 3370 Alexandrinis

148 3427 353 3485 tribuendum
389 3427 433 3484 sit
468 3441 524 3499 pro
555 3425 643 3484 certo
674 3425 820 3484 statuere
850 3423 1033 3496 nequimus,
1066 3424 1128 3482 etsi
1159 3424 1264 3483 multa
1290 3424 1321 3485 id

147 3537 280 3608 probare
311 3537 468 3596 videntur.
501 3538 549 3596 Ad
581 3538 660 3597 illud
690 3535 838 3606 πολιτικὸς
870 3536 940 3596 sine
972 3536 1072 3596 dubio'
1091 3534 1236 3615 διάλογος,
1259 3552 1322 3598 non

147 3641 233 3724 λόγος
264 3629 367 3722 neque
399 3644 475 3723 ἀνὴρ
506 3649 762 3710 subaudiendum
794 3651 854 3723 est,
884 3650 921 3708 ut
944 3649 1017 3722 quis
1040 3648 1068 3707 si
1091 3648 1173 3709 forte
1197 3650 1323 3709 dubitat

149 3777 166 3820 e
191 3761 266 3821 clar.
292 3761 328 3821 R.
354 3759 487 3820 Hirzelii
512 3761 661 3831 (Hermes
688 3763 783 3830 1876)
815 3761 1031 3835 disputatione
1055 3761 1175 3834 optime
1200 3762 1322 3822 discere

148 3877 265 3947 potest.

190 3988 260 4046 Non
291 3988 342 4048 hio
374 3992 424 4048 est
455 3988 546 4048 locus
571 3989 847 4049 commemorandi
870 3990 949 4060 quot
971 3989 1174 4060 quantasque
1200 3991 1321 4047 contro·

149 4101 274 4159 versiae
307 4101 391 4161 inter
425 4102 512 4161 viros
546 4102 658 4162 doctos
692 4102 794 4162 altera
825 4100 881 4160 illa
911 4098 977 4178 ιιερὶ
1007 4099 1126 4187 dirutae
1157 4100 1323 4174 inscriptio

148 4214 316 4288 pepererit,
352 4214 431 4288 ipsis
462 4230 538 4274 vero
569 4215 711 4286 antiquis
738 4214 961 4286 quaestionem
986 4214 1025 4273 de
1049 4214 1190 4286 optimae
1222 4215 1321 4288 reipu-

181 4480 201 4546 ¹)
219 4484 275 4530 vid.
295 4482 406 4543 Gotting.
425 4485 481 4532 (iel.
499 4486 591 4533 Naohr.
611 4487 683 4532 1892.

179 4557 200 4622 2)
220 4563 309 4609 Journ.
327 4562 373 4608 des
391 4565 448 4611 Sar.
467 4565 539 4610 1892.
