3000 5018
659 286 721 345 123

95 470 204 546 Quum
222 473 333 531 autem
354 471 495 530 Galenus
515 472 666 544 praebeat
685 480 724 552 τῷ
744 491 776 548 γε
798 468 877 553 αὐτῷ
898 470 931 529 τὸ
952 469 1025 531 αὐτὸ
1038 481 1077 553 τῷ
1090 469 1197 531 ἑαυτοῦ
1210 469 1276 547 περὶ

94 586 146 640 κτλ
166 584 313 656 suspicor
333 584 501 643 Platonem
525 584 695 656 scripsisse
715 581 823 658 φαμέν,
843 593 881 665 τῷ
901 605 934 661 γε
954 582 1034 665 αὐτῷ
1055 581 1162 643 ἑαυτοῦ
1184 581 1272 662 [περί]

94 693 128 753 τὸ
153 693 225 754 αὐτὸ
251 694 310 771 άμα
335 700 391 754 ατί.
416 697 495 756 Fere
519 712 633 756 omnes
657 697 745 756 codd.
771 712 849 756 mox
873 697 979 757 exhib.
1004 696 1125 773 πράττοι
1152 712 1275 758 necnon

95 822 213 869 omnes
233 810 322 870 editt.
344 814 471 884 praeter
490 810 632 870 Astlum.
656 810 796 870 Galenus
817 826 891 871 cum
904 811 1016 884 paucis
1028 812 1117 871 codd.
1131 810 1275 870 Platonis

93 921 196 980 tradit
219 921 365 997 πράττειν,
388 924 472 983 unde
491 923 553 981 Ast
574 923 680 982 effecit
699 922 827 1000 πράττει,
847 924 929 996 quod
948 925 1038 982 unice
1056 939 1175 999 oerum,
1200 925 1276 996 quia

93 1029 135 1090 ἂν
162 1035 323 1094 omissum
347 1040 407 1096 est.
433 1035 493 1110 Qui
517 1038 627 1095 autem
651 1035 772 1112 πράττοι
796 1038 978 1110 servarunt,
1002 1039 1122 1110 partim
1147 1054 1164 1097 e
1188 1052 1274 1110 prae·

94 1160 210 1219 gressa
229 1149 393 1207 sententia
412 1147 605 1222 particulam
626 1152 736 1209 mente
756 1149 969 1222 supplendam
982 1165 1054 1210 esse
1067 1152 1274 1224 censuerunt,

93 1261 217 1332 partim
248 1236 441 1320 revocarunt
466 1264 560 1321 textu
585 1263 750 1322 mutando.
776 1263 815 1322 M.
841 1263 965 1323 Schanz
992 1264 1156 1337 (probante
1180 1263 1276 1331 Bait.)

93 1373 131 1432 in
150 1373 229 1433 Nov.
253 1372 375 1433 Comm.
397 1374 479 1434 Plat.
504 1376 585 1434 1871
610 1375 727 1433 maluit
747 1377 809 1431 ΛΗ
826 1375 857 1433 in
881 1377 941 1432 ΑΝ
961 1378 1164 1435 commutare
1177 1390 1275 1447 quarn

50 1501 52 1505 ·
93 1482 135 1544 div
158 1502 176 1546 e
199 1488 463 1560 praecedentibus
486 1487 644 1560 supplere.
671 1486 834 1560 Gampbell
859 1488 897 1547 ci.
920 1481 965 1563 ἅμ’
992 1483 1106 1560 <άυ>
1129 1480 1186 1561 pro
1206 1486 1276 1563 tipo,

92 1602 132 1659 at
167 1602 247 1676 tum,
283 1602 317 1659 n‘i
346 1600 449 1676 fallor,
482 1600 624 1661 Glaucen
656 1601 876 1674 respondisset
906 1599 942 1660 οά
974 1599 1029 1679 γάρ
1061 1597 1107 1658 dv.
1131 1601 1179 1659 Ne
1202 1601 1275 1672 quis

92 1715 232 1788 genitivi
265 1722 317 1773 τοῦ
353 1714 472 1785 τοξότου
504 1731 566 1775 usu
596 1715 752 1787 singulari
786 1715 967 1775 offendatur
991 1714 1030 1774 cf.
1056 1714 1119 1772 459
1144 1714 1170 1772 B
1194 1711 1222 1771 τί
1243 1706 1275 1770 δὲ

95 1825 198 1886 ἴττττων
222 1826 276 1886 οἴει
298 1831 358 1902 κτλ,
381 1827 445 1886 470
469 1828 496 1885 Α
521 1834 575 1904 γῆς
599 1847 628 1885 τε
651 1826 783 1902 τμήσεως
806 1830 865 1901 κτλ,
889 1827 962 1888 alia.
988 1828 1025 1886 In
1050 1826 1156 1885 verbis
1178 1824 1274 1902 ὥσπερ

92 1960 130 2020 γε
153 1941 310 2014 particula
332 1961 364 2019 γε
388 1941 524 1999 traiecta
551 1942 610 2014 est,
635 1955 712 1999 nam
738 1940 908 1999 dicendum
931 1943 1000 2000 erat
1020 1948 1072 1998 τοῦ
1092 1960 1123 2016 γε
1144 1938 1274 2009 τοξότου.

95 2055 182 2126 Lege
205 2048 224 2129 ἡ
249 2050 416 2112 ἀπωθοῦσα
442 2051 541 2129 [poich
565 2054 686 2112 etenim
710 2054 738 2111 si
758 2054 824 2112 iam
842 2054 881 2112 ad
901 2049 973 2128 άλλη
994 2068 1062 2113 voc.
1084 2049 1143 2130 γάρ
1163 2054 1274 2112 mente

37 2163 323 2241 Osupplendum,
356 2182 413 2225 cur
443 2169 515 2239 post
546 2164 714 2224 ἀπωθοῦσα
745 2166 926 2225 addendum
958 2167 1032 2225 est?
1056 2156 1076 2248 ΙΙ
1100 2165 1185 2224 Astii
1213 2166 1274 2224 cam

103 2276 234 2353 <καὶ>
271 2277 303 2337 τὸ
337 2283 453 2337 κωλῦον
483 2279 600 2338 iniuria
631 2279 720 2339 editt.
753 2280 960 2353 spreverunt;
992 2281 1164 2340 antithesis
1187 2280 1275 2340 enim

95 2393 204 2467 gratia
222 2408 336 2453 vocem
356 2389 405 2450 καὶ
425 2393 540 2452 abesse
560 2407 622 2452 non
642 2407 736 2465 posse
757 2393 839 2452 ratio
851 2392 981 2453 clamat.
997 2393 1070 2453 Mox
1083 2394 1275 2454 Schneidero
1313 2461 1316 2466 ,

26 2511 65 2576 Ε
92 2506 168 2568 ὅταν
199 2503 366 2584 ἐγγίγνηται
397 2506 584 2565 emendanti
615 2507 702 2565 recte
726 2506 808 2565 Bait.
835 2509 868 2566 et
893 2506 1022 2582 Gampb.
1052 2509 1238 2582 paruerunt.
1256 2498 1273 2592 ίΙ

93 2621 250 2692 Madvigii
284 2621 344 2678 cam
380 2616 510 2688 ἀκούσας
545 2616 586 2676 ἔτι
617 2619 744 2678 πιστεύω
777 2619 869 2702 τούτῳ
901 2621 1010 2680 Baiter
1036 2621 1166 2695 recepit,
1191 2622 1226 2680 aii
1249 2643 1275 2679 τι

92 2735 204 2796 omitti
239 2733 351 2805 nequit
382 2734 414 2790 et
445 2727 502 2808 ἄρα
534 2733 606 2789 turn
638 2732 779 2790 otiosum
812 2728 861 2801 (ὡς
893 2733 979 2791 enim
1012 2748 1075 2792 non
1106 2733 1275 2792 οπιστεύω

90 2847 232 2924 pendet).
269 2844 345 2904 Mihi
380 2845 514 2917 vulgata
545 2845 722 2904 sanissima
752 2843 879 2903 videtur
910 2859 1014 2915 neque
1045 2845 1189 2918 intelligo
1221 2849 1276 2919 qui

93 2959 263 3035 Gampbell
298 2959 401 3019 dicere
432 2960 573 3031 potuerit
608 2959 681 3031 „the
712 2957 1019 3031 interpretationis
1050 2956 1217 3021 difficult.”
1242 2963 1275 3021 Is

93 3075 135 3136 ci.
169 3072 277 3140 <σύ>
306 3072 432 3131 πιστεύω
456 3071 550 3156 τούτῳ
574 3072 594 3131 1.
619 3087 646 3131 e.
672 3069 707 3129 ού
732 3072 859 3130 πιστεύω
883 3087 930 3130 σοι
953 3080 1039 3131 τοῦτο
1063 3077 1118 3142 (sc.
1143 3072 1213 3144 ἴσως
1236 3083 1275 3155 τῷ

92 3183 182 3270 ἑτέρου
214 3181 356 3261 opponis)
388 3182 510 3261 λέγοντι,
533 3200 597 3244 non
620 3184 782 3244 infelicem
808 3186 1027 3244 coniecturam
1053 3186 1124 3247 coll.
1150 3186 1274 3246 Menon.

93 3302 137 3360 91
163 3300 199 3375 D,
223 3301 279 3359 sed
304 3299 337 3358 ni
357 3298 451 3357 fallor
471 3314 534 3359 non
554 3298 783 3357 necessariam.
804 3297 909 3356 Verba
929 3298 1015 3357 enim
1035 3299 1161 3357 πιστεύω
1183 3299 1275 3381 τούτῳ

94 3411 281 3485 significant
305 3428 346 3472 ex
368 3412 425 3471 illa
444 3412 628 3470 narratione
649 3413 878 3484 argumentum
897 3413 987 3470 sumi»
1003 3426 1098 3484 posse
1119 3412 1276 3472 adversus

93 3526 144 3597 (Ν.
159 3527 195 3585 Β.
216 3519 286 3601 dii,
305 3516 343 3602 ἧι
364 3519 387 3582 ‹l'
412 3523 479 3603 ἐγώ)
500 3525 672 3584 Glauconis
693 3526 900 3584 sententiam.
922 3524 1068 3584 Absurde
1081 3525 1275 3587 Liebholdus

94 3639 213 3709 (Fleok.
242 3639 312 3698 Jbb.
340 3639 423 3698 1888
449 3638 500 3698 bd.
528 3640 600 3706 137)
625 3639 664 3698 ci.
688 3635 753 3714 άρτι
776 3654 832 3712 pro
856 3661 890 3696 τι.
916 3673 958 3680 --
982 3638 1052 3696 Vam
1080 3639 1105 3698 L
1129 3642 1276 3718 Πειραιῶς

94 3755 183 3812 reete
215 3752 277 3810 Ast
308 3752 388 3811 Bkk.
421 3751 643 3821 Stallb.(l8b8)
674 3751 859 3824 probarunt.
893 3752 952 3812 Pro
981 3751 1071 3831 (παρά
1105 3757 1154 3835 τῷ)
1179 3752 1275 3836 δημίῳ

95 3864 366 3924 Hemsterhusius
388 3864 516 3934 (Anecd.
539 3865 554 3922 I
574 3880 603 3937 p.
626 3864 688 3923 252
709 3865 757 3923 ed.
776 3863 863 3934 Geel)
883 3866 921 3925 ci.
941 3865 1069 3949 Λιομείῳ
1083 3866 1274 3939 nonimpro·

95 3977 192 4037 bante
227 3977 443 4037 Herwerdeno
475 3977 547 4046 (Mn.
583 3977 688 4045 1883).
714 3976 945 4038 Valckenarius
970 3981 1081 4040 autem
1106 3980 1150 4048 (in
1173 3980 1275 4052 ipsius

92 4089 223 4149 schedis
247 4090 378 4160 criticis)
404 4090 442 4148 ci.
468 4089 590 4172 ὁημιείιγ
614 4091 672 4149 aut
694 4089 814 4173 Λυκείῳ
839 4091 921 4160 (coll.
945 4092 1052 4164 Lysid.
1076 4091 1138 4150 203
1161 4092 1208 4159 Α).
1231 4093 1274 4150 At

93 4218 158 4263 non
193 4202 369 4262 verisimile
405 4205 455 4262 est
489 4203 612 4276 templa
647 4203 775 4262 condita
810 4203 912 4261 fuisse
943 4204 1036 4261 iuxta
1070 4203 1188 4276 locum,
1220 4204 1275 4262 ubi

95 4315 254 4390 supplicia
287 4315 410 4375 fierent.
443 4316 511 4375 Etsi
545 4316 677 4388 vulgata
709 4331 744 4375 se
776 4316 856 4376 bene
879 4317 985 4391 habet,
1010 4331 1073 4375 non
1096 4315 1274 4376 absurdum

93 4431 147 4489 est
176 4428 379 4488 Valckenarii
411 4427 532 4511 δημιείῳ
565 4429 674 4502 (loeus,
708 4429 762 4488 ubi
787 4425 802 4487 ὁ
830 4428 935 4504 δήμιος
964 4429 1099 4504 habitat,
1124 4429 1164 4488 cf.
1191 4446 1219 4489 v.
1247 4446 1273 4489 o.

94 4547 245 4621 μουσεῖον,
266 4546 413 4619 κουρεῖον,
436 4547 647 4621 στρατηγεῖτε).
