3000 5018
820 296 878 341 XVI

259 466 349 540 potui
380 467 622 527 emendationes
652 469 725 528 inde
761 485 780 528 a
804 469 924 528 Baiteri
948 469 1087 529 editione
1111 468 1227 542 quarta
1252 468 1283 545 (1.
1309 487 1336 531 0.
1362 470 1439 530 111110

261 580 301 639 ab
325 595 408 639 anno
435 581 530 649 1874)
562 596 665 653 usque
701 583 740 640 ad
766 583 841 640 anni
865 581 1100 641 MDOOGXOIV
1123 581 1221 642 finem
1245 598 1265 641 a
1287 583 1441 656 plurimis

263 693 341 752 viris
364 693 467 752 doctis
490 693 631 767 prolatas
656 695 845 754 memoravi.
871 695 963 754 Hanc
987 697 1074 754 enim
1095 696 1168 755 boni
1188 696 1321 755 editoris
1339 695 1440 756 officii

262 808 389 880 partem
419 806 485 865 1010
515 821 644 880 semper
675 809 814 867 editores
840 808 1011 867 novissimi
1035 809 1247 880 neglexerunt
1270 810 1340 868 sive
1362 810 1441 868 illas

263 919 505 980 emendationes
536 924 684 992 (quarum
716 921 782 980 fere
812 936 876 981 non
908 936 971 980 una
1001 924 1053 980 est
1079 936 1177 993 quam
1201 937 1264 980 non
1286 923 1439 991 tractavit

263 1033 426 1092 mentione
457 1033 607 1106 indignas
638 1033 794 1093 habentes
826 1034 895 1092 sive
925 1049 1037 1093 earum
1061 1034 1313 1106 colligendarum
1337 1036 1440 1096 taedii

262 1146 393 1219 plenum
425 1161 505 1220 opus
536 1146 742 1218 refugientes
775 1147 942 1207 Postremo
975 1148 1145 1207 nonnullas
1177 1148 1378 1221 suspiciones
1406 1151 1442 1207 et

263 1261 464 1319 coniecturas
494 1276 511 1319 e
542 1276 616 1319 mea
646 1276 727 1333 gaza
758 1262 900 1335 prompsi
932 1262 1093 1334 imprimis
1128 1262 1300 1320 attendens
1334 1262 1440 1320 sicubi

263 1372 384 1431 librarii
419 1373 527 1446 spuria
562 1388 636 1431 cum
671 1375 819 1445 genuinis
860 1375 1079 1448 miscuissent,
1115 1391 1189 1434 cum
1226 1375 1305 1433 1111111
1340 1375 1440 1447 probe

263 1500 455 1558 persuasum
487 1486 530 1544 sit
560 1487 705 1545 Platonis
733 1488 852 1561 scripta
876 1488 1010 1546 insulsis
1034 1488 1264 1547 additamentis
1290 1481 1310 1557 ¹)
1336 1488 1440 1546 maxi·

217 1599 219 1602 ’
265 1614 337 1658 mas
357 1599 445 1658 labes
465 1600 677 1659 contraxisse.
699 1601 760 1660 Hic
780 1601 845 1660 illic
866 1601 1127 1674 orthographiam
1147 1601 1285 1660 tractavi
1306 1603 1338 1660 et
1349 1601 1441 1660 locos

265 1712 387 1784 aliquot
410 1713 563 1771 obscuros
585 1713 789 1787 interpretari
814 1718 910 1786 atque
934 1714 1107 1787 explanare
1132 1714 1268 1785 suscepi.

308 1826 476 1885 Praefandi
511 1824 609 1886 finem
643 1827 765 1886 faciens
795 1841 850 1885 eos
882 1827 997 1898 quibus
1029 1826 1179 1885 audacior
1210 1826 1310 1884 fuisse
1346 1826 1441 1885 visus

266 1937 393 2013 fuerim,
421 1939 551 2010 rogatos
576 1939 672 1997 velim
702 1955 742 1998 ne
766 1940 988 2013 succenseant,
1014 1939 1070 1998 sed
1093 1939 1299 1997 recordentur
1323 1953 1441 1997 verum

265 2067 306 2110 ex
330 2052 515 2124 opinionum
541 2053 745 2111 contentione
769 2051 865 2129 ὥσπερ
890 2050 921 2109 ἐκ
945 2051 1075 2129 πυρείων
1099 2048 1254 2127 ἐκλάμψαι.

297 2257 385 2314 Hagae
403 2257 530 2303 Comitum
548 2258 739 2305 MDGOGXGVI

364 2361 385 2393 a.
404 2348 428 2393 d.
446 2347 490 2394 XV
507 2349 557 2395 kal.
577 2351 652 2395 Mart.

267 2491 483 2499 -n-m-——u—

300 2597 316 2660 ¹)
336 2599 473 2646 Verissime
491 2599 632 2646 Schanzius
649 2599 763 2655 (Studien
782 2612 806 2657 p.
825 2598 865 2650 301
884 2601 947 2656 „Die
965 2601 1162 2660 Houptaufgabe
1179 2601 1225 2647 des
1245 2601 1443 2647 Plotocritilrers

265 2678 326 2723 111111
344 2678 435 2723 immor
453 2678 493 2723 die
511 2680 575 2738 sein,
592 2678 634 2723 die
652 2679 733 2724 vielen
752 2679 879 2725 unochten
897 2680 1002 2725 Zusa'tse
1020 2679 1245 2726 arrezuscheiderr.”
