3000 5018
730 273 793 332 109

151 456 354 527 „auxilium
385 457 566 518 senioribus
597 459 793 519 accubituris
823 461 875 520 vel
904 461 1101 523 decubituris
1124 479 1143 524 a
1166 465 1346 525 iunioribus

148 571 404 638 praestandum
434 574 528 633 esse”
557 573 748 647 probabilior
771 577 822 634 est
845 590 943 648 quam
969 577 1064 652 Astii,
1089 578 1140 637 cui
1164 576 1345 648 κατακλίσεις

149 675 259 743 idem
279 686 355 744 sunt
374 686 471 758 atque
491 682 667 757 ἀποκλίσεις.
686 687 724 746 ln
748 688 1007 762 ,Additamentis
1027 690 1067 749 ad
1087 689 1119 748 X
1139 690 1206 751 Lib.
1229 689 1345 751 (livit.''

156 787 349 857 Schneider
382 797 471 858 addit
507 800 632 875 ,possis
662 800 762 859 etiam
793 802 831 861 de
863 802 1070 862 observantia
1100 804 1251 879 cogitare,
1282 819 1347 877 qua

152 910 357 971 venientem
381 910 433 971 vel
457 913 600 973 stantem
624 915 661 973 ut
685 914 850 975 considere
872 915 960 991 velit,
982 916 1193 976 invitamus.”
1214 915 1345 976 Valcke-

153 1025 250 1082 naer
279 1025 322 1094 (in
353 1025 455 1100 ipsius
485 1026 613 1086 schedis
644 1026 742 1100 Lugd.
775 1028 811 1088 B.
844 1029 1032 1103 asservatis,
1065 1029 1103 1089 de
1132 1029 1248 1102 quibus
1274 1030 1346 1089 vide

156 1123 328 1198 <lebetum
356 1138 390 1199 ln
416 1138 479 1199 Mn.
502 1140 588 1199 1860
607 1154 637 1214 p.
659 1142 733 1210 352)
754 1143 792 1202 ci.
815 1141 1008 1212 κατεκκλίσεις
1028 1141 1080 1202 vel
1100 1139 1250 1218 ἐκκλίσεις,
1268 1144 1345 1204 Her·

158 1250 343 1311 werdsnus
372 1252 484 1311 autem
516 1252 589 1322 (Mn.
624 1253 719 1323 1891)
751 1257 879 1328 propter
903 1255 1089 1316 Aristotelis
1112 1255 1220 1316 locum
1244 1258 1345 1317 oonsi-

159 1357 287 1424 milem
318 1363 401 1434 (Eth.
432 1365 501 1426 Nic.
534 1370 564 1427 9.
598 1368 627 1427 2.
657 1368 676 1425 9
702 1365 902 1427 ὁπαναστοίσει
926 1366 976 1426 καὶ
998 1368 1174 1453 κατακλίσει)
1198 1371 1291 1444 putat
1315 1371 1348 1430 et

162 1461 343 1538 Platonem
376 1479 546 1554 scripsisse
581 1475 620 1549 οὸς
656 1479 703 1549 (V.
740 1480 786 1550 L.)
821 1476 934 1558 πρέπει,
967 1477 1017 1539 καὶ
1048 1479 1265 1553 ὑπαναστάσεις
1297 1479 1347 1542 καὶ

162 1590 364 1667 κατακλίσεις,
393 1591 439 1652 ita
468 1594 505 1652 ut
537 1593 660 1652 dictum
692 1595 779 1653 esset
810 1608 867 1668 pro
898 1591 1140 1664 ὑποκατακλίσεις
1172 1596 1266 1666 (quod
1295 1597 1347 1656 hio

167 1703 255 1764 saus
285 1704 476 1778 ambiguum
508 1707 578 1776 est).
613 1707 710 1766 Pauci
738 1707 849 1781 opinor
872 1709 932 1767 has
955 1709 1001 1767 ο88
1024 1707 1189 1782 probaturi
1212 1710 1291 1767 sunt
1314 1710 1347 1767 et

173 1822 198 1872 ὃ
214 1817 397 1880 Schneideri
415 1819 680 1894 interpretatione
701 1820 853 1881 decedere
874 1820 993 1882 volent.
1017 1855 1056 1863 -
1079 1821 1153 1881 Mox
1169 1836 1195 1881 c.
1209 1821 1346 1881 Stobaeo

170 1918 242 2005 lege
261 1930 373 2011 κοαροίς
393 1953 422 1992 τε
441 1948 498 2006 pro
517 1955 542 1991 κ.
561 1955 609 2012 μσς
630 1933 788 2008 particula
807 1954 839 2012 με
858 1934 911 1993 hic
930 1934 1024 2008 plane
1043 1935 1258 1995 incommoda.
1279 1934 1346 2009 Quo

174 2028 267 2107 modo
284 2046 377 2108 Plato
396 2048 564 2122 particulis
583 2069 612 2106 τε
632 2045 775 2106 καί-καί
795 2048 829 2107 in
849 2048 1146 2108 enumerationibus
1168 2048 1217 2107 uti
1232 2046 1345 2124 soleat,

177 2159 212 2219 ad
242 2160 307 2220 329
326 2160 356 2220 A
382 2159 552 2221 declaravi.
577 2161 655 2221 Post
677 2159 839 2238 θεραπείας
863 2176 983 2221 novum
1007 2175 1110 2233 genus
1132 2168 1192 2219 τῶν
1215 2169 1346 2240 σμικρῶν

175 2271 305 2350 νομίμων
328 2273 450 2349 incipit.
477 2307 517 2317 -
542 2273 746 2347 Optimorum
774 2274 863 2334 codd.
887 2273 961 2335 lect.
986 2271 1017 2332 ἐκ
1042 2281 1094 2350 τῆς
1118 2273 1254 2345 παιδείας
1278 2272 1347 2334 ὁποι

173 2383 269 2461 (prob.
313 2387 393 2448 Bklr.
436 2388 531 2448 Schu.
569 2387 680 2447 Herm.
721 2387 820 2447 ceteri
858 2387 1007 2457 editores)
1047 2387 1200 2461 explicari
1239 2390 1347 2462 potest

173 2499 234 2561 sic:
267 2496 300 2559 ἐκ
330 2507 381 2577 τῆς
411 2498 548 2570 παιδείας
578 2491 653 2558 εἶναι
683 2497 719 2558 τὰ
749 2496 879 2576 ἑπόμενα
901 2507 1023 2559 τοιαῦτα
1047 2493 1109 2571 οίος
1133 2496 1170 2559 dv
1196 2496 1212 2559 ὁ
1236 2499 1346 2573 σκοπὸς

172 2621 221 2691 τῆς
244 2612 381 2684 παιδείας
404 2606 431 2697 ᾖ
456 2614 686 2674 Schneiderum
711 2616 894 2675 vertentem
925 2631 1006 2691 ,quo
1031 2630 1224 2675 conversum
1248 2616 1346 2675 luerit

175 2727 328 2801 cuiusque
350 2728 506 2788 educandi
528 2727 668 2803 initium,
693 2727 773 2787 talia
797 2743 869 2788 esse
893 2729 964 2789 etc”
989 2730 1120 2788 omnino
1145 2729 1228 2802 fugit
1247 2728 1346 2788 verba

175 2835 272 2917 ίκτῆς
293 2839 428 2911 παιδείας
448 2855 512 2900 non
532 2841 572 2899 ad
592 2836 707 2923 ὁρμήσῃ
727 2841 897 2916 pertinere,
919 2842 976 2901 sed
996 2842 1107 2914 utique
1129 2857 1204 2901 oum
1224 2849 1346 2901 τοιαῦτα

174 2950 205 3012 τὸι
228 2950 360 3031 ἑπόμενα
383 2946 459 3012 είναι
482 2954 643 3026 iungenda
662 2967 745 3013 esse.
766 2953 836 3010 vam
859 2954 884 3012 L
909 2951 967 3036 ὁπμ
992 2955 1078 3015 male
1098 2956 1160 3014 Ast
1180 2957 1213 3015 et
1233 2955 1345 3016 Stallb.

174 3069 281 3139 (1829)
313 3069 498 3144 probarunt,
530 3068 622 3128 ouius
654 3070 687 3127 ca
717 3063 819 3138 ὁποῖος
842 3071 971 3143 propter
995 3064 1110 3151 ὁρμήσῃ
1134 3069 1211 3129 ferri
1234 3068 1346 3142 nequit

172 3183 208 3244 ob
229 3182 432 3256 eandemque
452 3197 586 3243 causam
605 3182 728 3242 Helleni
748 3181 831 3252 (dur.
853 3182 922 3242 crit.
943 3198 973 3256 p.
998 3183 1048 3252 18)
1065 3185 1098 3242 α8
1114 3177 1194 3242 ὁποῖ’
1210 3188 1265 3254 (=
1277 3181 1346 3266 ὁπρ)

168 3295 343 3359 reicienda.
363 3296 500 3357 Dobraei
518 3296 616 3369 (prob.
638 3295 801 3356 Herwerd.
823 3294 885 3354 Mn.
911 3294 1005 3365 1883)
1026 3297 1059 3354 ολι
1074 3291 1178 3366 ὁποίας
1191 3292 1229 3353 διν
1241 3300 1290 3355 κτλ
1303 3329 1345 3336 -

110 3388 144 3457 ὓ
165 3406 188 3472 i.
210 3426 241 3472 e.
263 3405 293 3480 ἐξ
314 3405 418 3480 ὁποίας
436 3443 474 3450 -
486 3409 730 3482 elegantissima
743 3413 803 3482 est,
817 3410 874 3469 sed
887 3409 1023 3469 minime
1035 3410 1228 3470 necessaria.
1243 3400 1263 3492 ΙΙ
1275 3409 1346 3469 Non

163 3523 259 3586 male
291 3522 473 3597 complures
504 3523 592 3583 codd.
624 3520 657 3581 τὸ
684 3521 788 3598 ὅμοιον
817 3520 874 3593 [liv]
905 3523 1067 3599 exhibent,
1092 3524 1259 3596 praeterea
1283 3538 1346 3583 cor·

162 3639 240 3712 rige
264 3633 369 3713 ὅμοιόν
395 3637 504 3709 <τι>
529 3639 700 3714 παρακαλεῖ.
725 3637 793 3696 Sec.
820 3635 950 3711 Campb.
975 3637 1046 3696 Par.
1073 3637 1102 3695 A
1124 3633 1156 3695 τὸ
1181 3634 1285 3714 ὅμοιον
1304 3633 1349 3713 ὅν,

163 3763 236 3812 non
265 3746 298 3809 τὸ
330 3747 434 3826 ὅμοιον
465 3750 680 3823 superscripto
713 3745 748 3808 ὁν
780 3750 920 3810 exhibet.
953 3784 994 3792 -
1025 3750 1141 3811 Astius
1162 3749 1347 3824 postulabat

165 3864 198 3924 τί
228 3861 285 3943 μὰρ
317 3859 361 3923 od
392 3878 449 3938 pro
479 3885 502 3921 τ.
525 3887 550 3942 μ.
575 3859 646 3935 οίίκς
670 3878 746 3923 oum
770 3865 881 3923 autem
904 3863 1044 3924 formula
1068 3863 1097 3922 τί
1119 3860 1166 3935 δίς
1190 3865 1265 3923 ante
1289 3860 1348 3940 ἔφη

169 3981 205 4041 et
229 3978 352 4039 similia
374 3977 543 4038 elisionem
566 3977 719 4052 patiatur,
744 3976 920 4038 verisimile
945 3979 996 4038 est
1019 3978 1146 4038 Atticos
1171 3977 1271 4036 etiam
1292 3991 1349 4050 pro

169 4091 200 4150 τί
231 4087 288 4170 μὰρ
318 4088 362 4151 οίι
394 4093 469 4151 ante
494 4090 641 4151 vocalem
668 4091 779 4150 hiatus
803 4091 926 4151 vitandi
949 4106 1049 4152 causa
1072 4090 1211 4150 scribere
1234 4088 1348 4148 solitos

172 4205 277 4266 tuisse
299 4225 322 4263 τ.
345 4227 371 4283 μ
396 4201 473 4264 obn.
492 4239 531 4248 —
550 4205 731 4265 Pronomen
754 4204 823 4263 τοίδε
846 4220 920 4265 cum
945 4204 1021 4263 Par⁰
1047 4204 1075 4262 A
1099 4203 1234 4275 aliisque
1259 4202 1347 4263 codd.

172 4318 356 4380 omiserunt
398 4318 460 4378 soli
494 4319 606 4379 Herm.
642 4319 725 4379 Bait.
762 4317 956 4378 Sohmelzer.
992 4316 1069 4375 Mihi
1103 4314 1172 4374 τοίδε
1206 4331 1281 4375 σασα
1316 4317 1349 4374 in

173 4433 253 4494 Ραῐ0
278 4431 308 4491 A
340 4431 499 4492 excidisse
532 4431 669 4506 videtur,
701 4431 810 4504 itaque
841 4432 927 4491 recte
960 4428 1124 4504 campbell
1149 4445 1262 4491 vocem
1286 4444 1348 4490 ser·

173 4547 268 4608 ravit
298 4545 370 4608 coll.
395 4548 459 4607 403
480 4546 505 4605 E
527 4545 620 4604 τῶνδε
643 4553 701 4604 τῶν
725 4541 869 4621 ἀσκητῶν.
894 4543 1023 4618 Optime
1047 4544 1159 4604 autem
1183 4543 1347 4604 Herwerd.
