3000 5018
833 280 875 338 30

267 467 401 528 Photius
431 469 572 528 testetur
601 483 636 527 se
664 466 777 527 Boethi
801 467 899 528 libros
923 464 1053 540 (Λέξεων
1077 473 1212 530 Πλοτον.
1236 487 1338 553 σονομ
1364 472 1440 534 κατὰ

268 585 409 659 στοιχεῖον
438 584 470 642 et
502 579 577 661 Περὶ
606 589 665 640 τῶν
695 579 777 660 παρὰ
810 580 946 642 Πλάτωνι
974 579 1189 670 ἀπορουμένου
1212 582 1326 659 λέξεων)
1352 590 1440 649 adhi-

267 694 378 755 buisse
400 695 561 770 simulque
586 696 619 756 in
641 697 682 756 iis
705 697 795 772 locis,
819 697 874 757 ubi
897 694 992 773 νυνδὴ
1013 698 1100 758 idem
1122 700 1219 773 atque
1241 697 1306 780 ὀίρτι
1320 702 1439 780 valeat,

268 822 285 866 e
308 809 441 870 Platone
461 810 568 870 locum
588 811 750 883 quendam
770 811 875 884 (Legg.
897 812 961 871 683
981 811 1015 882 lu
1036 812 1195 889 citaverit,
1216 815 1355 875 dubitari
1373 832 1439 876 non

265 925 373 997 potest
405 924 481 996 quin
515 923 584 997 ipse
618 924 761 983 Boethus
792 939 889 998 super
921 925 1008 986 vocis
1039 923 1135 1002 νυνδὴ
1168 942 1230 987 usu
1260 929 1439 1005 scripserit,

264 1037 348 1111 quod
378 1037 448 1097 sine
479 1038 574 1097 dubio
605 1052 668 1098 nou
699 1038 840 1114 fecisset,
872 1039 901 1098 si
933 1037 1029 1116 νυνδὴ
1054 1056 1074 1100 a
1097 1040 1261 1102 Platonico
1286 1058 1440 1104 sermone

265 1152 386 1212 afuisse
410 1152 631 1225 comperisset.
652 1152 786 1212 Photius
805 1153 885 1213 haec
904 1153 1019 1215 habet:
1042 1152 1147 1231 νυνδή·
1167 1151 1272 1232 ἀρτίως
1292 1151 1312 1234 ἢ
1331 1157 1441 1235 μικρὸν

267 1265 444 1346 ἔμπροσθεν.
466 1264 593 1347 Νόμοις
624 1268 699 1337 (683
730 1267 774 1338 ll)-
805 1264 825 1346 λ)
857 1265 953 1344 νυνδὴ
980 1264 1090 1347 [ὀλίγον
1114 1266 1284 1348 ἔμπροσθεν
1309 1271 1442 1339 (delevit

266 1381 389 1450 Badh.)]
413 1379 527 1450 τούτοις
550 1382 607 1438 κτλ.
628 1373 682 1436 Ἐν
706 1375 737 1439 δὲ
759 1386 820 1452 τοῖς
844 1380 959 1458 Νόμοις
983 1384 1058 1453 (629
1082 1383 1118 1453 D)
1144 1381 1441 1461 διαλελυμένον

257 1493 380 1584 ἐἴρηκεν
404 1491 436 1553 τὸ
459 1488 513 1571 μὲν
536 1501 593 1552 νῦν
617 1490 664 1552 ἐπὶ
688 1503 739 1554 τοῦ
763 1493 909 1574 παρόντος
932 1494 1051 1574 χρόνον,
1073 1493 1106 1555 τὸ
1131 1491 1163 1555 δὲ
1187 1493 1224 1572 δὴ
1247 1494 1294 1555 tal
1314 1494 1440 1557 συνδέσ-

265 1624 345 1688 μου·ι
364 1603 397 1678 ὃς
422 1605 459 1683 δὴ
482 1606 603 1668 πάντων
626 1615 683 1666 τῶν
707 1604 843 1685 πολέμιον
865 1609 1075 1688 χαλεπώτατος,
1098 1609 1137 1682 ὥς
1158 1632 1256 1687 φαμεν
1275 1606 1358 1688 ἡμεῖς
1381 1621 1441 1671 νῦν

266 1715 326 1797 δνῗ.
350 1721 506 1782 Similiter
529 1720 719 1781 Eustathius
742 1722 838 1800 νυνδη
863 1724 1059 1784 coniunctim
1074 1716 1094 1793 1)
1115 1724 1211 1785 scribi
1231 1727 1387 1800 oportere,
1411 1726 1441 1785 si

250 1834 340 1917 Ιὀίρτι,
358 1833 463 1915 ἀρτίως
483 1837 652 1912 significet,
674 1838 775 1898 docet.
797 1839 842 1899 De
864 1839 951 1899 vocis
971 1841 1106 1899 accentu
1118 1839 1310 1914 ambigitur;
1326 1854 1438 1899 secun·

265 1952 344 2011 dum
366 1950 574 2011 Eustathium
598 1951 695 2028 νύνίη
719 1954 889 2026 (paroxytl
912 1948 1153 2023 scribendum²l
1175 1955 1236 2029 est,
1257 1952 1439 2013 secundum

266 2065 432 2142 Gobetum,
457 2067 721 2141 Herwerdenum,
746 2067 827 2127 alios
849 2065 945 2144 νυνδὴ
969 2068 1020 2138 (cf.
1042 2065 1168 2144 δηλαδή,
1187 2065 1309 2143 ἐπειδή).
1331 2066 1438 2142 Quum

266 2183 376 2241 nostro
398 2182 432 2240 in
451 2181 520 2241 loco
539 2178 636 2258 νυνδὴ
656 2182 751 2241 scribi
772 2184 926 2257 oporteat,
947 2183 1034 2243 recte
1054 2181 1205 2254 Hirschig
1224 2181 1283 2251 (ed.
1302 2179 1440 2252 Gorgiae

268 2297 364 2366 1873)
387 2295 455 2353 V²¹1¹
482 2297 516 2355 L.
541 2292 763 2374 ἀποκρίνασθαι
785 2296 944 2370 probavit.

120 2400 181 2459 341
211 2394 242 2462 Ᾰ
309 2411 429 2483 Utique
456 2408 629 2481 legendum
659 2406 692 2467 τὸ
714 2415 767 2468 τοῦ
790 2409 953 2488 κρείττονος
979 2413 1096 2481 [ποιεῖν]
1122 2407 1284 2489 ξυμφέρον,
1308 2409 1370 2469 vid.
1397 2409 1439 2469 ad

212 2509 242 2575 B
266 2524 367 2587 339Ε
390 2523 485 2585 dicta.
511 2515 531 2606 ΙΙ
555 2523 737 2598 Stephanus
761 2539 839 2585 voce
863 2520 903 2600 μὴ
927 2525 960 2583 iu
981 2525 1088 2585 verbis
1107 2522 1148 2602 μὴ
1167 2520 1272 2583 λαθὼν
1292 2523 1439 2584 offensus

125 2625 127 2629 ’
264 2641 446 2701 correxerat
470 2635 530 2714 μὴν
553 2634 657 2697 λαθὼν
681 2637 732 2698 vel
755 2659 790 2714 με
814 2638 861 2708 (V.
886 2639 931 2709 L.)
955 2635 1059 2698 λαθὼν
1082 2640 1140 2710 (sic
1163 2640 1301 2714 etAst),
1324 2651 1436 2711 prave,

265 2754 341 2826 quia
370 2749 410 2829 μὴ
442 2753 482 2812 ad
513 2751 619 2811 solum
649 2752 761 2825 partic.
794 2749 897 2810 λαθὼν
928 2753 1067 2825 pertinet
1098 2755 1131 2812 et
1162 2768 1201 2812 ea
1224 2752 1322 2812 verba
1349 2750 1438 2810 idem

265 2868 374 2927 valent
397 2873 493 2938 atque
517 2861 576 2924 ἀπὸ
600 2871 653 2924 τοῦ
676 2871 860 2943 προφανοῦς.
885 2864 990 2941 Quum
1015 2881 1090 2925 vero
1114 2874 1152 2946 τῷ
1175 2864 1274 2946 λάθρᾳ
1294 2887 1320 2921 τι
1339 2866 1439 2922 ποιεῖν

264 2994 366 3040 unum
387 2976 420 3038 τὸ
444 2977 495 3061 βίρι
517 3000 544 3037 τι
567 2982 663 3036 ποιεῖν
687 2979 718 3048 (i.
739 2994 766 3039 e.
791 2976 956 3054 βιάζεσθαι)
980 2979 1096 3052 opponi
1119 2978 1225 3038 soleat
1245 2978 1294 3048 (cf.
1316 2992 1366 3036 ex.
1388 2992 1437 3050 gr.

265 3093 375 3155 3651)
407 3089 473 3152 οὔτε
496 3090 659 3150 λανθάνειν
683 3087 750 3151 οὔτε
773 3090 1006 3168 praeostenso
1030 3092 1201 3165 Thrasym.
1227 3091 1332 3150 dicere
1357 3090 1440 3150 velit

263 3205 299 3267 οὐ
330 3204 385 3287 γὰρ
416 3201 454 3264 iv
478 3225 512 3281 με
535 3203 732 3283 κακουργοίης
754 3200 820 3262 οίίτε
844 3200 948 3263 λαθὼν
971 3199 1038 3262 οίίτε
1061 3196 1241 3281 βιασάμενος
1265 3204 1323 3274 (sic
1347 3205 1438 3264 recte

263 3323 325 3381 Ast
345 3318 540 3395 explicavit),
560 3332 675 3378 verum
695 3317 814 3377 vidisse
834 3316 915 3376 mihi
935 3317 1145 3377 doctissimus
1157 3316 1359 3389 Hirschigius
1374 3317 1437 3385 (ed.

263 3434 357 3508 Gorg.
391 3434 486 3504 1873)
517 3433 644 3493 videtur
674 3432 730 3491 illa
762 3432 858 3492 verba
887 3429 927 3508 μὴ
955 3429 1059 3491 λαθὼν
1083 3448 1101 3492 e
1124 3434 1219 3493 textu
1243 3432 1437 3506 eliminans;

263 3548 363 3609 lector
393 3546 511 3619 aliquis
533 3546 566 3604 iu
590 3560 655 3619 mg.
680 3542 720 3620 μὴ
744 3540 847 3603 λαθὼν
871 3547 1084 3605 annotaverat
1107 3546 1276 3605 ostendere
1300 3544 1436 3617 cupiens

264 3635 299 3721 se
329 3660 473 3721 Platonis
504 3658 601 3719 verba
630 3657 726 3731 probe
757 3656 976 3718 intellexisse·
1001 3658 1101 3719 Paulo
1131 3660 1205 3732 post
1235 3657 1356 3730 corrige
1389 3659 1438 3718 sis

266 3773 381 3848 <τὸ>
407 3780 542 3833 τοιοῦτον
573 3768 797 3851 ἐγγένηται..-
821 3771 895 3831 Mox
925 3771 996 3832 dele
1020 3773 1118 3832 verba
1145 3792 1174 3830 τε
1197 3767 1247 3830 καλ
1270 3769 1320 3829 τὸν
1343 3773 1409 3850 τρεί
1423 3811 1437 3819 -

262 3910 334 3948 τονο
347 3880 381 3961 ³),
405 3903 469 3949 non
492 3888 586 3948 modo
610 3886 686 3960 quia
708 3886 803 3946 aliter
825 3887 994 3960 sequentia
1013 3885 1176 3965 κρείττονος
1197 3882 1281 3956 ὄντος
1301 3901 1438 3959 prorsus

266 4076 484 4085 ———

294 4217 538 4286 ¹)1nBodlsian011
553 4221 580 4267 in
597 4219 726 4279 Euthyph
745 4219 776 4265 12
794 4219 817 4265 D
837 4218 908 4278 νννδρ
925 4217 1081 4265 coniunctim
1099 4217 1224 4277 seriptum
1243 4221 1291 4264 est.

295 4307 317 4375 ί)
336 4312 367 4358 In
389 4312 444 4359 cod.
459 4290 568 4360 vindob.
585 4311 605 4358 F
623 4324 656 4358 m.
675 4324 695 4358 s.
713 4309 746 4357 ad
764 4310 844 4356 selu
861 4307 1003 4356 correxit&
1020 4307 1111 4368 νύνδη,
1128 4309 1154 4354 in
1172 4323 1223 4366 mg.
1242 4310 1367 4354 annotans
1386 4309 1436 4368 (τοι

262 4404 309 4468 πρὸ
327 4405 393 4468 ὥρας
410 4401 512 4458 ὀξύνεται
530 4403 556 4449 <it
572 4399 815 4459 ἂντεδεαστιλλόμενον
829 4407 861 4463 τῷ
878 4402 944 4463 ἁπλῷ
960 4405 1005 4446 νῦν.

299 4491 318 4553 ³)
336 4499 463 4559 Κρείττονα
480 4507 527 4555 pro
544 4498 639 4557 κρείττω
654 4493 782 4540 vitiosum.
796 4490 898 4550 Ubique
912 4488 986 4536 Plato
1000 4490 1091 4536 scribit
1098 4495 1192 4555 κρείττω
1202 4491 1259 4548 (340
1269 4485 1300 4553 c),
1310 4494 1436 4554 κρείττους,

261 4578 361 4638 χείρους,
379 4577 444 4634 ἧτται,
462 4577 549 4635 ἥττους,
565 4574 623 4621 alia.
