3000 5018
644 283 686 343 85

70 460 125 524 καί
153 464 259 527 πολύν.
275 467 434 529 Fortasse
456 468 562 529 forma
584 467 703 548 ίίδμοαν
728 472 854 532 Platoni
876 489 940 534 non
963 475 1183 548 abjudicanda.
1207 511 1246 521 -

71 578 149 640 Mox
170 579 277 640 Nubel
299 578 435 649 (Oomm.
458 581 540 643 Plat.
568 583 664 654 1862)
687 585 727 644 ci.
748 575 772 643 ὦ
795 584 930 663 δαιμόνιε
951 589 1164 668 [Θρασύμαχε],
1184 608 1247 653 non

69 693 160 753 recte
186 695 276 770 puto,
306 695 383 767 quia
405 697 479 768 poet
502 697 665 757 voeatioos
687 689 711 756 ὦ
734 698 811 775 φίλε,
833 700 966 779 μακάριε,
989 701 1133 780 δαιμόνιε,
1156 706 1248 776 alios,

68 806 206 868 nomina
233 809 361 882 propria
391 809 522 871 ferenda
551 813 638 886 sunt,
670 813 700 871 si
729 815 787 872 aut
813 814 845 872 in
869 814 961 874 initio
984 818 1145 877 sermonis
1168 820 1250 887 (sive

69 919 215 993 primum
234 921 354 996 incepti
373 923 443 983 sive
462 924 625 996 integrati)
645 925 748 985 autin
760 924 823 986 line
836 929 1008 999 ponuntur.
1021 929 1067 989 De
1080 931 1249 1003 adjectivis

70 1033 259 1095 nominibus
291 1035 428 1109 propriis
458 1037 649 1110 praemissis
680 1037 752 1099 vide
785 1039 919 1100 Sohanz.
943 1041 977 1099 in
1003 1041 1195 1116 „Festgruss
1217 1044 1248 1104 d.

71 1145 155 1207 Phil.
180 1146 217 1208 (δ.
240 1163 269 1208 a.
294 1147 426 1209 Wurzb.
453 1148 558 1209 1868”
583 1164 612 1223 p.
640 1151 703 1211 106
727 1167 796 1225 sqq.
817 1152 896 1213 Vide
917 1155 1083 1227 praeterea
1103 1155 1189 1216 diota
1209 1158 1248 1217 ad

15 1251 49 1318 Ε
72 1260 140 1320 854
161 1260 201 1320 Α.
226 1251 246 1343 ΙΙ
270 1259 400 1322 (liar.um
431 1261 534 1323 Groen
565 1278 595 1323 ν.
628 1264 808 1325 Prinsterer
838 1267 979 1340 (Prosop.
1011 1267 1147 1339 Platon.)
1176 1273 1250 1344 post

70 1368 167 1445 ἄλλως
201 1370 276 1452 ἔχειν
305 1374 437 1448 mgnum
467 1377 684 1451 interrogandi
714 1380 888 1452 ponentem
919 1383 1006 1441 recte
1038 1383 1142 1442 secuti
1173 1384 1250 1442 sunt

70 1485 186 1547 stallo.
211 1487 331 1558 (1858).
359 1488 471 1549 Herm.
495 1489 578 1550 Bait.
604 1490 727 1552 Wohlr.
752 1496 825 1563 (non
851 1492 981 1567 campo.
1007 1510 1066 1556 neo
1090 1495 1247 1565 Schneid).

70 1598 292 1675 campbsllius
323 1601 491 1676 vulgatam
522 1604 570 1663 sio
599 1603 832 1679 interpretatus
858 1607 993 1681 „[There
1016 1608 1045 1667 is
1068 1623 1110 1668 uo
1133 1623 1192 1668 use
1215 1610 1249 1668 in

70 1727 130 1787 my
154 1713 355 1787 ,remainingJ
391 1714 442 1775 for
474 1716 489 1773 Ι
523 1729 578 1775 am
612 1716 647 1775 of
673 1731 694 1776 a
725 1716 875 1777 different
905 1718 1034 1793 opinion
1064 1720 1162 1779 about
1193 1720 1249 1780 the

71 1828 194 1889 matter
223 1827 255 1898 (i.
287 1843 314 1888 e.
347 1829 445 1888 about
472 1829 529 1888 the
551 1831 667 1889 nature
689 1830 752 1889 and
775 1829 1020 1904 profitableness
1044 1831 1079 1890 of
1097 1833 1248 1906 justioel'’

70 1937 245 2017 miriiloam
279 1941 349 2000 'vim
384 1941 539 2002 vocabulo
569 1941 651 2002 εονεί
678 1942 801 2002 tribuit.
835 1942 971 2003 Groeuio
994 1947 1028 2004 et
1052 1945 1088 2005 0.
1113 1945 1249 2019 Apeltus

70 2051 231 2123 (Weimar
260 2052 354 2126 (lym.
383 2054 525 2116 Jhrsber.
559 2056 655 2125 1880)
686 2056 975 2130 obtemperandum
1007 2073 1080 2118 esse
1111 2059 1248 2133 tensuit,

70 2166 224 2227 inutilem
242 2166 342 2227 simul
361 2167 581 2228 coniecturam
600 2183 753 2242 promens
771 2162 852 2247 ἔγωγ’
868 2160 911 2246 ἆρ’
929 2184 987 2244 pro
998 2166 1054 2248 ἐγὼ
1066 2166 1123 2249 μδιμ
1134 2173 1192 2228 πεί.
1207 2203 1257 2258 -μ

67 2279 135 2341 ¹Pro
168 2275 252 2340 οίίεαι
285 2280 351 2341 iere
382 2295 497 2371 omnes
529 2282 617 2342 oodd.
649 2284 694 2352 (et
724 2296 838 2342 omnes
869 2283 971 2354 editt.)
994 2280 1060 2361 ἤτοι
1082 2286 1246 2359 praebent,

69 2394 206 2470 optimo,
235 2393 414 2455 dummodo
444 2411 519 2456 oum
550 2395 661 2456 eodem
690 2395 826 2458 Groenio
849 2413 963 2458 vooem
986 2399 1090 2460 divise
1112 2400 1246 2476 scribas,

69 2508 148 2581 quia
168 2508 202 2569 ln
224 2508 486 2582 interrogationis
509 2508 724 2569 disiunctivae
746 2509 850 2569 altera
872 2512 963 2584 parte
986 2508 1017 2588 ἤ,
1039 2527 1104 2572 non
1126 2509 1191 2590 ίμοι
1215 2513 1248 2571 in

69 2635 168 2696 prosa
197 2621 317 2682 saltem
348 2622 492 2682 oratione
522 2623 597 2696 poni
627 2622 720 2683 solet.
752 2623 790 2682 In
822 2623 930 2684 4000
958 2621 1047 2701 ἠἸεοι]
1072 2625 1246 2699 legendum

70 2736 278 2807 (anteoedens
311 2732 331 2814 ἢ
365 2734 512 2797 librarios
546 2737 580 2796 in
610 2751 753 2796 errorem
783 2735 944 2813 duxerat).
972 2738 1006 2796 in
1031 2739 1096 2799 483
1120 2741 1246 2800 Aoum

70 2848 290 2910 Horwordeno
320 2849 439 2910 iterum
473 2870 518 2908 tot
548 2849 719 2909 delendum
750 2845 850 2926 (ἢ[τοι]
884 2850 991 2911 τούτου
1018 2873 1045 2909 τι
1067 2856 1137 2923 ατί).
1162 2852 1245 2912 illud

70 2957 251 3041 ἀγνοοῦντες
273 2961 360 3022 salse
383 2962 591 3038 dictumest,
615 2963 701 3022 siout
722 2962 756 3023 in
781 2964 842 3022 331
868 2963 893 3022 lt
916 2960 972 3042 ἐγὼ
996 2959 1028 3023 δὲ
1051 2961 1158 3042 ἀγνοῶ.

17 3077 48 3145 Δ
118 3074 228 3136 Reate¹
249 3073 380 3150 campo.
412 3076 452 3135 ad
483 3072 554 3133 ἔσται
585 3069 639 3150 μεν
669 3071 772 3146 ἄδικος
803 3078 913 3136 mente
943 3077 1072 3151 supplet
1094 3099 1146 3153 τις,
1170 3095 1248 3140 nam

70 3188 264 3250 vertendum
295 3189 356 3263 est,
390 3203 540 3264 „prorsus
572 3187 669 3248 liceat
693 3188 789 3248 alicui
812 3189 933 3249 iniusto
957 3204 1030 3250 esse
1052 3190 1135 3251 eto.”
1162 3191 1244 3250 Ridi·

70 3298 144 3364 sule
162 3300 309 3362 nonnulli
328 3297 429 3359 ἀδικία
448 3301 488 3361 ad
508 3297 580 3359 ἔσται
601 3302 710 3361 mente
730 3301 862 3376 addunt,
880 3301 974 3374 quasi
993 3302 1172 3361 iniustitiae
1183 3317 1247 3362 non

72 3416 119 3477 eit
147 3413 313 3491 proprium
342 3413 500 3474 iniustam
531 3428 613 3474 osse.
647 3446 687 3457 -
717 3413 777 3472 Pro
808 3410 907 3471 πείθει
937 3413 1020 3473 Bait.
1053 3412 1190 3488 Madvig.
1219 3429 1246 3474 o.

71 3542 137 3591 uno
162 3527 237 3589 ood.
268 3525 383 3598 πείθεις
413 3527 535 3601 legunt,
564 3527 634 3586 sine
658 3541 766 3601 eausa,
792 3541 894 3599 quum
917 3526 975 3585 aut
998 3547 1040 3596 εις
1064 3526 1247 3587 subiectum

73 3641 120 3703 eit
148 3643 207 3702 aut
235 3638 269 3700 εδ
300 3640 452 3701 δύνασθαι
482 3636 597 3698 ἀδικεῖν
621 3637 764 3712 (campo.
792 3638 878 3714 „this
901 3639 1061 3712 supposed
1085 3639 1248 3713 impunity

15 3756 50 3823 Β
74 3754 112 3817 oi
137 3755 332 3825 iniustioe”).
357 3745 377 3837 ΙΙ
401 3754 485 3827 Lege
516 3749 614 3828 νυνδὴ
644 3752 696 3813 hio
727 3753 760 3811 et
781 3751 865 3811 inira
887 3751 962 3820 ini
989 3751 1016 3811 D
1040 3749 1135 3834 (ᾤμην
1159 3749 1248 3831 ἒμωμε

21 3866 196 3945 (immi).
227 3859 248 3951 ΙΙ
279 3869 340 3929 Pro
371 3865 541 3942 ποιμαίνειν
573 3865 630 3935 (sio
661 3865 723 3924 Ast
753 3864 834 3924 Bkk.
867 3864 961 3925 Sohn.
991 3864 1075 3924 Bait.
1105 3863 1247 3938 Gampb.)

73 3982 147 4043 Par.
178 3982 208 4042 Α
237 3980 367 4040 πιαίνειν
398 3981 529 4041 exbibet
556 3979 614 4049 (sio
637 3978 748 4038 Herm.
773 3977 895 4038 Wohlr.
926 3975 1096 4047 Eusebius)
1131 3975 1248 4037 Oobeto

73 4094 139 4157 lin.
173 4094 256 4154 1881
281 4094 446 4169 probante.
473 4092 626 4153 Nonnulli
649 4092 737 4153 oodd.
761 4089 905 4168 παχύνειν
929 4090 960 4160 (i.
985 4106 1012 4150 e.
1036 4090 1134 4162 gloss.
1160 4089 1248 4150 vocis

72 4205 215 4279 πιαίνειν)
247 4209 411 4282 praebent.
444 4207 554 4267 Unum
584 4203 713 4263 πιαίνειν
738 4217 853 4263 verum
882 4205 933 4262 est
955 4203 1025 4262 tam
1051 4204 1179 4276 propter
1202 4217 1247 4262 se·

73 4321 210 4396 quentia
239 4319 336 4399 ὥσπερ
368 4318 533 4396 δαιτυμόνα
562 4315 628 4376 τινὰ
658 4320 708 4375 πεί
739 4316 789 4385 (of.
822 4315 940 4375 Auiani
970 4316 1085 4388 poetae
1117 4330 1248 4376 versum

71 4436 151 4516 βοῦς
174 4429 207 4495 δέ
229 4432 439 4509 πιανθείς,
463 4427 555 4493 δοκέω
579 4427 642 4506 μέν,
664 4425 714 4487 καί
738 4423 849 4504 μεσέων
871 4434 988 4486 νυκτῶν
1010 4421 1087 4504 ἡδὺς
1109 4424 1248 4506 κήμέρης)
1279 4429 1281 4434 ’

73 4564 177 4629 quam
207 4550 337 4624 propter
368 4546 467 4607 verba
496 4546 530 4605 in
555 4545 619 4605 343
639 4543 665 4602 B
688 4539 832 4618 παχύνειν
855 4536 906 4599 καὶ
924 4540 1112 4619 θεραπεύειν.
1136 4540 1250 4601 Omnis
