3000 5018
737 303 799 361 107

170 479 229 560 μὲν
263 482 409 546 Venetus
443 487 478 542 Π
508 501 534 546 c.
565 484 680 545 multis
711 484 785 545 aliis
814 486 903 546 codd.
935 484 990 565 γὰρ
1021 487 1110 548 addit
1140 489 1237 562 (prob.
1269 490 1348 550 Bkk.

171 596 324 658 Schneid.
356 597 580 672 stallbaeee),
611 600 647 657 at
668 599 792 657 omissa
814 599 995 660 coniunctio
1018 602 1197 662 orationem
1221 603 1349 663 alacrio-

171 724 246 770 rem
270 710 383 771 reddit.
404 711 483 771 Fere
502 711 650 770 omnium
669 711 757 770 codd.
779 711 952 772 lectionem
972 709 1110 790 ἀλλήλαις
1129 716 1217 788 prob.
1238 715 1349 777 Herm.

173 822 259 883 Bait.
281 821 424 900 campi„
443 825 527 897 quod
546 839 625 884 sane
645 824 764 884 melius
782 838 881 897 quam
902 821 1042 901 ἀλλήλοιιν
1063 827 1179 896 (forma
1196 830 1352 890 mendosa

174 949 232 1010 pro
255 931 418 1012 ἀλλήλοιν).

127 1035 152 1104 i
220 1046 327 1107 Unius
359 1049 427 1110 cod.
459 1049 532 1111 lect.
564 1050 663 1109 δοκεῖν
694 1065 750 1125 pro
780 1048 948 1128 εὐδοκιμεῖν
978 1054 1065 1113 recte
1096 1054 1158 1113 Ast
1181 1055 1215 1114 et
1239 1054 1349 1115 Stallb.

174 1162 358 1222 servarunt.
378 1162 486 1223 Etiam
507 1162 651 1224 Platonis
671 1164 787 1224 civitas
807 1162 1000 1243 εὐδοκίμησιν
1020 1179 1084 1226 non
1102 1168 1242 1243 spernet,
1256 1168 1351 1227 modo

174 1274 294 1334 merita
323 1275 377 1335 sit.
409 1275 543 1335 Videtur
574 1277 691 1350 aliquis
715 1277 755 1336 ad
780 1275 879 1336 δοκεῖν
902 1281 1079 1339 annotasse
1103 1276 1271 1356 εὐδοκιμεῖν
1294 1284 1350 1351 (sc.

174 1386 294 1463 δοκεῖν),
325 1388 439 1449 deinde
462 1390 499 1448 ut
523 1390 653 1464 saepius
677 1390 800 1449 iactum
824 1392 885 1465 est,
909 1392 1050 1464 genuina
1073 1408 1138 1453 vox
1162 1394 1349 1468 iuterpreta·
1476 1402 1479 1407 '

174 1503 286 1562 melito
308 1502 403 1576 pulsa
425 1517 507 1563 esse.
534 1501 574 1562 Τὸ
597 1500 638 1574 ὡς
661 1500 783 1580 ἀληθῶς
803 1503 941 1583 μεγίστην
962 1497 1038 1563 είναι
1058 1507 1115 1564 uni
1133 1516 1173 1588 τῷ
1192 1517 1231 1589 τῷ
1253 1506 1351 1567 δοκεῖν

128 1613 153 1681 l)
175 1636 202 1691 μ.
226 1608 303 1674 εἶναι
327 1615 441 1689 opponi
464 1618 580 1690 potest.
606 1608 626 1700 ΙΙ
650 1617 835 1690 Legendum
860 1633 932 1678 esse
955 1619 1033 1692 puto
1057 1615 1240 1695 epternaco
1266 1621 1296 1690 (i.
1322 1635 1348 1681 e.

177 1729 357 1790 secundum
386 1728 428 1797 id)
461 1725 536 1800 [ἕνα]
567 1727 642 1807 πρὸς
664 1729 700 1787 iv
720 1726 843 1788 ἕκαστον
867 1728 953 1808 ἔργον
978 1729 1027 1789 δεῖ
1045 1729 1174 1807 κομίζειν
1197 1735 1255 1792 aut
1277 1730 1351 1811 πρὸς

176 1848 261 1900 τοῦτο
289 1837 342 1900 ἕνα
364 1838 438 1920 κιρδς
457 1840 493 1900 ἓν
518 1838 663 1913 [ἕκαστον]
688 1839 774 1921 ἔργον
797 1845 856 1918 κολ,
880 1858 954 1903 cum
980 1844 1113 1917 vulgata
1135 1845 1267 1904 ridicule
1290 1847 1351 1919 sig·

176 1954 285 2016 nificat
307 1968 371 2015 non
394 1955 490 2016 licere
513 1957 621 2031 plures
645 1972 709 2017 uno
732 1958 771 2017 ad
795 1957 1046 2029 unumquodque
1070 1957 1244 2019 artificium
1268 1958 1350 2034 κομί-

177 2068 245 2145 ζειν,
262 2069 373 2142 itaque
390 2084 441 2130 ex.
458 2084 504 2143 gr.
521 2086 624 2131 unum
643 2073 773 2130 tantum
795 2074 951 2145 sutorem,
971 2085 1073 2130 unum
1094 2071 1269 2143 agricolam
1288 2073 1350 2132 etc.

176 2180 210 2240 in
240 2181 406 2242 Platonica
436 2183 568 2243 civitate
598 2183 744 2244 futurum
773 2198 855 2244 esse.
880 2183 954 2243 Mox
977 2185 1064 2243 recte
1087 2184 1193 2244 Nabar
1215 2183 1350 2254 (Oomm.

129 2284 148 2352 3
177 2293 258 2354 Plat.
282 2295 298 2354 I
323 2293 419 2365 1862)
443 2311 556 2356 vocem
576 2295 741 2372 Ἀδείμαντε
762 2296 931 2372 expunxit,
953 2297 1006 2356 vid
1026 2297 1112 2358 dicta
1131 2297 1172 2357 ad
1192 2299 1256 2357 354
1277 2299 1315 2359 Α.
1332 2295 1347 2378 {l

176 2406 317 2480 Vulgata
347 2404 397 2467 καί
425 2407 528 2486 γοίμαν
558 2412 607 2467 κολ
631 2410 814 2470 necessario
839 2412 988 2484 corrupta
1011 2412 1076 2471 est:
1103 2403 1154 2480 (1⁰)
1179 2425 1259 2484 opus
1283 2411 1352 2470 erat

180 2517 316 2596 (τὴν)
342 2520 456 2598 γάμων,
478 2522 545 2591 (ΠΟ)
569 2536 638 2582 voc.
664 2530 766 2598 κτῆσιν
791 2523 831 2582 ad
855 2522 958 2601 γάμων
978 2525 1011 2582 et
1029 2522 1221 2593 παιδοποιίας
1241 2526 1351 2583 mente

177 2634 318 2709 suppleri
336 2635 448 2707 nequit
468 2633 617 2708 (campm
642 2636 753 2710 „these
776 2635 876 2708 genit.
895 2635 1035 2709 depends
1056 2650 1140 2709 upon
1160 2650 1251 2695 some
1265 2638 1351 2695 word

177 2747 211 2807 oi
234 2761 324 2807 more
348 2747 479 2820 general
502 2748 655 2820 meaning
678 2748 823 2821 supplied
846 2748 930 2808 from
953 2751 1077 2823 κιήοιν),
1103 2749 1186 2818 (111⁰)
1210 2743 1228 2824 ή
1252 2755 1352 2824 κιήσις

177 2854 194 2936 ή
225 2866 285 2919 τῶν
314 2868 466 2939 γυναικῶν
497 2859 657 2932 significat
673 2855 694 2930 ¹)
725 2857 757 2918 ιδ
788 2864 902 2938 γαμεῖν,
925 2860 1033 2932 itaque
1058 2861 1152 2934 plane
1176 2861 1232 2920 illa
1254 2862 1352 2921 verba

175 2970 222 3032 καλ
246 2971 349 3052 γοίμον
373 2973 546 3034 abundant.
570 2974 639 3034 Has
663 2975 702 3033 ob
726 2988 843 3033 causas
866 2973 1035 3047 vulgatam
1055 2989 1118 3034 non
1139 2989 1254 3035 sanam
1275 2976 1352 3050 puto

175 3090 204 3148 et
237 3089 324 3148 hunc
355 3088 389 3148 in
419 3089 552 3149 modum
584 3089 823 3161 corrigendam:
855 3086 910 3164 τήν
941 3109 970 3146 ιε
992 3096 1051 3147 οῖον
1075 3095 1227 3167 γυναικοῖν
1249 3095 1352 3164 κιήσιν

175 3198 235 3271 [καί
254 3199 369 3280 γάμων]
391 3198 441 3259 καί
464 3199 597 3274 <τδις>
619 3200 811 3272 παιδοποιίας
825 3195 847 3271 ²)
867 3206 936 3278 κτλ,
956 3203 995 3263 cf.
1011 3203 1074 3261 449
1089 3197 1190 3279 Οκερὶ
1201 3209 1352 3279 γυναικῶν

171 3333 199 3374 τε
218 3310 273 3373 καί
291 3312 419 3390 παίδων,
438 3315 503 3374 450
520 3313 542 3374 O
561 3309 580 3390 ἡ
600 3313 743 3374 κοινωνία
757 3360 842 3373 .....
855 3313 971 3374 παίδων
992 3335 1021 3372 τε
1040 3310 1107 3389 πέρι
1126 3309 1177 3371 καί
1192 3321 1354 3392 γυναικῶν,

171 3429 293 3503 quibus
322 3427 402 3489 locis
432 3428 648 3502 respiciuntur
675 3444 723 3505 ea,
748 3443 829 3502 quae
852 3428 962 3487 nostro
986 3427 1054 3487 loco
1078 3425 1169 3486 dixit.
1196 3426 1353 3486 Richards

169 3540 289 3610 (Olass.
313 3540 391 3601 Rev.
418 3540 513 3609 1893)
537 3556 594 3614 pro
616 3541 719 3619 γάμοον
742 3539 924 3614 requirebat
946 3537 1069 3617 γάμους,
1092 3538 1214 3612 optime
1238 3540 1267 3599 si
1290 3555 1353 3600 non

164 3649 190 3732 ή
215 3661 277 3713 τῶν
300 3674 366 3730 γον.
389 3659 489 3730 κιήοις
512 3654 728 3726 praecederet.

218 3765 343 3841 Optimi
377 3767 465 3826 codd.
507 3765 660 3826 exhibent
694 3760 782 3822 κοινὰ
815 3760 851 3822 κά
882 3762 978 3839 φίλων
1011 3766 1108 3839 (prob.
1134 3766 1214 3826 Bkk.
1240 3766 1351 3826 Herm.

164 3879 293 3941 ceteris
326 3878 439 3955 editt),
471 3878 555 3951 quod
585 3890 649 3935 non
679 3877 789 3937 minus
821 3877 967 3952 ineptum
998 3893 1097 3952 quam
1130 3872 1240 3938 Sitallbi
1267 3875 1354 3937 κοινά

160 4001 233 4053 τῶν
264 3989 369 4068 φίλων.
399 3991 545 4052 Insiticia
575 3990 672 4065 enim,
703 3990 731 4048 si
763 4005 826 4063 qua
857 3991 930 4066 alia,
964 3994 1041 4050 sunt
1070 3988 1224 4050 verbani
1248 3991 1354 4065 φίλων,

168 4120 253 4167 cum
277 4104 451 4165 manifesto
475 4104 624 4164 Socrates
643 4103 730 4163 dicat
749 4104 845 4164 haec:
865 4111 957 4162 ταῦτα
976 4102 1073 4163 οιοίνια
1094 4107 1151 4173 (sc.
1173 4102 1204 4160 αλ
1216 4107 1353 4181 γυναῖκες

212 4405 230 4472 ¹)
249 4410 291 4458 Sic
308 4411 335 4457 in
353 4410 432 4457 4510
448 4411 475 4456 in
492 4410 578 4457 verbis
596 4410 686 4456 παίδων
704 4425 727 4455 τε
744 4411 783 4456 καί
801 4414 914 4467 γυναικῶν
932 4411 1010 4466 κτῆσίς
1027 4422 1051 4453 τε
1068 4408 1107 4453 καί
1122 4410 1190 4472 χρεία
1208 4419 1257 4452 vox
1274 4413 1352 4464 κκήοις

174 4489 205 4534 τὸ
222 4496 303 4548 γαμεῖν
321 4489 457 4547 significat,
474 4492 500 4535 at
514 4501 568 4534 voc.
586 4492 655 4552 χρεία
673 4491 778 4547 σημαίνοι
795 4487 836 4546 τήν
854 4490 973 4533 κοινωνίαν
989 4494 1035 4531 κῶν
1052 4493 1173 4543 γυναικῶν,
1192 4485 1225 4531 cf.
1244 4485 1292 4531 466
1308 4484 1335 4531 d.

212 4564 231 4629 ¹)
249 4569 309 4616 Aee.
326 4567 394 4628 plur.
412 4567 447 4614 nil
464 4567 561 4614 insoliti
578 4567 665 4614 habat.
684 4566 715 4613 In
731 4566 811 4614 459A
828 4566 987 4619 παιδοποιίαις
1003 4564 1105 4624 legitur.
