<?xml version="1.0" encoding="UTF-8"?>
<!DOCTYPE html PUBLIC "-//W3C//DTD XHTML 1.0 Transitional//EN"
    "http://www.w3.org/TR/xhtml1/DTD/xhtml1-transitional.dtd">
<html xmlns="http://www.w3.org/1999/xhtml" xml:lang="en" lang="en">
 <head>
  <title>
</title>
<meta http-equiv="Content-Type" content="text/html;charset=utf-8" />
  <meta name='ocr-system' content='tesseract 3.04.00' />
  <meta name='ocr-capabilities' content='ocr_page ocr_carea ocr_par ocr_line ocrx_word'/>
</head>
<body>
  <div class='ocr_page' id='page_1' title='image "./notaecriticaead00hartgoog_0163.png"; bbox 0 0 3000 5018; ppageno 0'>
   <div class='ocr_carea' id='block_1_1' title="bbox 806 294 867 352">
    <p class='ocr_par' dir='ltr' id='par_1_1' title="bbox 806 294 867 352">
     <span class='ocr_line' id='line_1_1' title="bbox 806 294 867 352; baseline 0 0"><span class='ocrx_word' id='word_1_1' title='bbox 806 294 867 352; x_wconf 80' lang='lat'><strong>142</strong></span> 
     </span>
    </p>
   </div>
   <div class='ocr_carea' id='block_1_2' title="bbox 104 474 1430 4083">
    <p class='ocr_par' dir='ltr' id='par_1_2' title="bbox 104 474 1430 4083">
     <span class='ocr_line' id='line_1_2' title="bbox 246 474 1426 556; baseline -0.005 -15"><span class='ocrx_word' id='word_1_2' title='bbox 246 482 386 556; x_wconf 79' lang='lat' dir='ltr'>pedestri</span> <span class='ocrx_word' id='word_1_3' title='bbox 420 480 597 541; x_wconf 88' lang='lat' dir='ltr'><strong>oratione.’&#39;</strong></span> <span class='ocrx_word' id='word_1_4' title='bbox 637 514 674 523; x_wconf 94' lang='lat'>-</span> <span class='ocrx_word' id='word_1_5' title='bbox 710 480 785 541; x_wconf 88' lang='lat' dir='ltr'><strong>Mox</strong></span> <span class='ocrx_word' id='word_1_6' title='bbox 814 479 972 540; x_wconf 81' lang='lat' dir='ltr'>Richards</span> <span class='ocrx_word' id='word_1_7' title='bbox 1000 475 1114 556; x_wconf 82' lang='lat' dir='ltr'><strong>(Olass</strong></span> <span class='ocrx_word' id='word_1_8' title='bbox 1146 478 1224 537; x_wconf 85' lang='lat' dir='ltr'><strong>Rev.</strong></span> <span class='ocrx_word' id='word_1_9' title='bbox 1243 474 1359 554; x_wconf 67' lang='grc'><strong>41893)</strong></span> <span class='ocrx_word' id='word_1_10' title='bbox 1386 477 1426 536; x_wconf 93' lang='lat' dir='ltr'><strong>ci.</strong></span> 
     </span>
     <span class='ocr_line' id='line_1_3' title="bbox 247 588 1426 674; baseline -0.005 -19"><span class='ocrx_word' id='word_1_11' title='bbox 247 595 291 655; x_wconf 81' lang='grc' dir='ltr'><em>ὅτι</em></span> <span class='ocrx_word' id='word_1_12' title='bbox 314 588 353 657; x_wconf 80' lang='grc' dir='ltr'><strong>αὖ</strong></span> <span class='ocrx_word' id='word_1_13' title='bbox 378 591 553 674; x_wconf 80' lang='grc' dir='ltr'><em>δριμυτέρου</em></span> <span class='ocrx_word' id='word_1_14' title='bbox 578 594 626 653; x_wconf 86' lang='grc' dir='ltr'><strong>δεῖ</strong></span> <span class='ocrx_word' id='word_1_15' title='bbox 644 617 667 652; x_wconf 94' lang='grc' dir='ltr'><em>τ.</em></span> <span class='ocrx_word' id='word_1_16' title='bbox 688 593 706 652; x_wconf 89' lang='grc' dir='ltr'><strong>ι’.</strong></span> <span class='ocrx_word' id='word_1_17' title='bbox 730 594 802 655; x_wconf 88' lang='lat' dir='ltr'><strong>coll.</strong></span> <span class='ocrx_word' id='word_1_18' title='bbox 827 595 891 654; x_wconf 96' lang='grc'><strong>519</strong></span> <span class='ocrx_word' id='word_1_19' title='bbox 915 594 954 669; x_wconf 88' lang='lat' dir='ltr'><strong>A,</strong></span> <span class='ocrx_word' id='word_1_20' title='bbox 979 594 1042 652; x_wconf 83' lang='grc'><strong>535</strong></span> <span class='ocrx_word' id='word_1_21' title='bbox 1055 594 1092 669; x_wconf 94' lang='lat' dir='ltr'><strong>B,</strong></span> <span class='ocrx_word' id='word_1_22' title='bbox 1112 607 1197 653; x_wconf 89' lang='lat' dir='ltr'><strong>anno</strong></span> <span class='ocrx_word' id='word_1_23' title='bbox 1214 592 1289 666; x_wconf 86' lang='lat' dir='ltr'><strong>post</strong></span> <span class='ocrx_word' id='word_1_24' title='bbox 1308 591 1426 651; x_wconf 84' lang='lat' dir='ltr'><strong>autem</strong></span> 
     </span>
     <span class='ocr_line' id='line_1_4' title="bbox 248 705 1426 788; baseline -0.004 -19"><span class='ocrx_word' id='word_1_25' title='bbox 248 707 335 786; x_wconf 85' lang='grc'><strong>(1.1.)</strong></span> <span class='ocrx_word' id='word_1_26' title='bbox 358 709 501 769; x_wconf 88' lang='lat' dir='ltr'><strong>malebat</strong></span> <span class='ocrx_word' id='word_1_27' title='bbox 524 707 568 768; x_wconf 78' lang='grc' dir='ltr'><em>ὅτι</em></span> <span class='ocrx_word' id='word_1_28' title='bbox 591 705 807 788; x_wconf 81' lang='grc' dir='ltr'><em>ἀυδρικωτέρου</em></span> <span class='ocrx_word' id='word_1_29' title='bbox 832 708 902 770; x_wconf 91' lang='lat' dir='ltr'><strong>coll.</strong></span> <span class='ocrx_word' id='word_1_30' title='bbox 927 724 978 768; x_wconf 84' lang='lat' dir='ltr'><strong>ex.</strong></span> <span class='ocrx_word' id='word_1_31' title='bbox 1005 723 1051 781; x_wconf 82' lang='lat' dir='ltr'><strong>gr.</strong></span> <span class='ocrx_word' id='word_1_32' title='bbox 1072 708 1169 768; x_wconf 89' lang='lat' dir='ltr'><strong>Isocr.</strong></span> <span class='ocrx_word' id='word_1_33' title='bbox 1193 708 1242 766; x_wconf 87' lang='lat'><strong>13.</strong></span> <span class='ocrx_word' id='word_1_34' title='bbox 1267 707 1318 782; x_wconf 78' lang='lat'><strong>17,</strong></span> <span class='ocrx_word' id='word_1_35' title='bbox 1339 720 1426 778; x_wconf 90' lang='lat' dir='ltr'><strong>quas</strong></span> 
     </span>
     <span class='ocr_line' id='line_1_5' title="bbox 249 809 1428 898; baseline -0.006 -15"><span class='ocrx_word' id='word_1_36' title='bbox 249 827 296 883; x_wconf 75' lang='lat'><strong>0³⁵</strong></span> <span class='ocrx_word' id='word_1_37' title='bbox 330 840 361 884; x_wconf 85' lang='lat' dir='ltr'><strong>v.</strong></span> <span class='ocrx_word' id='word_1_38' title='bbox 396 824 426 884; x_wconf 93' lang='lat' dir='ltr'><strong>d.</strong></span> <span class='ocrx_word' id='word_1_39' title='bbox 457 839 521 884; x_wconf 90' lang='lat' dir='ltr'><strong>non</strong></span> <span class='ocrx_word' id='word_1_40' title='bbox 552 823 773 898; x_wconf 80' lang='lat' dir='ltr'><strong>proposuisset</strong></span> <span class='ocrx_word' id='word_1_41' title='bbox 803 823 924 897; x_wconf 86' lang='lat' dir='ltr'>opinor,</span> <span class='ocrx_word' id='word_1_42' title='bbox 956 821 985 881; x_wconf 89' lang='lat' dir='ltr'><strong>si</strong></span> <span class='ocrx_word' id='word_1_43' title='bbox 1009 837 1039 881; x_wconf 87' lang='lat' dir='ltr'><strong>v.</strong></span> <span class='ocrx_word' id='word_1_44' title='bbox 1067 837 1093 881; x_wconf 90' lang='lat' dir='ltr'><strong>c.</strong></span> <span class='ocrx_word' id='word_1_45' title='bbox 1117 819 1314 881; x_wconf 89' lang='lat' dir='ltr'><strong>locutionem</strong></span> <span class='ocrx_word' id='word_1_46' title='bbox 1339 809 1374 878; x_wconf 81' lang='grc' dir='ltr'><strong>εὖ</strong></span> <span class='ocrx_word' id='word_1_47' title='bbox 1396 839 1428 876; x_wconf 81' lang='grc' dir='ltr'><em>τε</em></span> 
     </span>
     <span class='ocr_line' id='line_1_6' title="bbox 249 928 1427 1016; baseline -0.003 -22"><span class='ocrx_word' id='word_1_48' title='bbox 249 932 299 994; x_wconf 82' lang='grc' dir='ltr'><em>καὶ</em></span> <span class='ocrx_word' id='word_1_49' title='bbox 321 933 464 1016; x_wconf 82' lang='grc' dir='ltr'><em>ἀνδρείως</em></span> <span class='ocrx_word' id='word_1_50' title='bbox 488 938 594 1010; x_wconf 81' lang='lat' dir='ltr'><strong>(Legg.</strong></span> <span class='ocrx_word' id='word_1_51' title='bbox 616 937 679 997; x_wconf 88' lang='grc'><strong>855</strong></span> <span class='ocrx_word' id='word_1_52' title='bbox 700 934 741 1013; x_wconf 85' lang='grc' dir='ltr'><strong>Α)</strong></span> <span class='ocrx_word' id='word_1_53' title='bbox 762 936 962 997; x_wconf 88' lang='lat' dir='ltr'><strong>contulisset.</strong></span> <span class='ocrx_word' id='word_1_54' title='bbox 985 935 1030 995; x_wconf 79' lang='lat' dir='ltr'><strong>Of.</strong></span> <span class='ocrx_word' id='word_1_55' title='bbox 1052 934 1152 994; x_wconf 89' lang='lat' dir='ltr'><strong>etiam</strong></span> <span class='ocrx_word' id='word_1_56' title='bbox 1165 934 1229 993; x_wconf 86' lang='grc'><strong>454</strong></span> <span class='ocrx_word' id='word_1_57' title='bbox 1242 934 1268 992; x_wconf 93' lang='grc' dir='ltr'>Β</span> <span class='ocrx_word' id='word_1_58' title='bbox 1281 928 1427 1011; x_wconf 80' lang='grc' dir='ltr'><em>ἀνδρείως</em></span> 
     </span>
     <span class='ocr_line' id='line_1_7' title="bbox 198 1041 1426 1133; baseline -0.002 -25"><span class='ocrx_word' id='word_1_59' title='bbox 198 1050 226 1115; x_wconf 81' lang='lat' dir='ltr'>E</span> <span class='ocrx_word' id='word_1_60' title='bbox 249 1071 278 1109; x_wconf 84' lang='lat' dir='ltr'><strong>ce</strong></span> <span class='ocrx_word' id='word_1_61' title='bbox 301 1048 350 1109; x_wconf 84' lang='grc' dir='ltr'><em>κοιλ</em></span> <span class='ocrx_word' id='word_1_62' title='bbox 374 1047 530 1129; x_wconf 79' lang='grc' dir='ltr'><em>ἐριστικῶς.</em></span> <span class='ocrx_word' id='word_1_63' title='bbox 551 1041 570 1133; x_wconf 84' lang='grc' dir='ltr'><strong>ΙΙ</strong></span> <span class='ocrx_word' id='word_1_64' title='bbox 590 1050 640 1109; x_wconf 88' lang='lat' dir='ltr'><strong>Ad</strong></span> <span class='ocrx_word' id='word_1_65' title='bbox 660 1047 821 1128; x_wconf 81' lang='grc' dir='ltr'><em>ἀκρότατον</em></span> <span class='ocrx_word' id='word_1_66' title='bbox 843 1049 1018 1120; x_wconf 79' lang='lat' dir='ltr'><strong>(immerito</strong></span> <span class='ocrx_word' id='word_1_67' title='bbox 1038 1063 1058 1108; x_wconf 80' lang='lat' dir='ltr'><strong>a</strong></span> <span class='ocrx_word' id='word_1_68' title='bbox 1079 1047 1187 1121; x_wconf 75' lang='lat' dir='ltr'><strong>Steph.</strong></span> <span class='ocrx_word' id='word_1_69' title='bbox 1201 1046 1426 1115; x_wconf 79' lang='lat' dir='ltr'><strong>sollicitatum)</strong></span> 
     </span>
     <span class='ocr_line' id='line_1_8' title="bbox 250 1159 1428 1247; baseline -0.006 -22"><span class='ocrx_word' id='word_1_70' title='bbox 250 1166 289 1226; x_wconf 80' lang='lat' dir='ltr'><strong>uf.</strong></span> <span class='ocrx_word' id='word_1_71' title='bbox 320 1183 350 1226; x_wconf 88' lang='lat' dir='ltr'><strong>v.</strong></span> <span class='ocrx_word' id='word_1_72' title='bbox 383 1180 409 1225; x_wconf 83' lang='grc'><strong>6.</strong></span> <span class='ocrx_word' id='word_1_73' title='bbox 442 1166 505 1225; x_wconf 81' lang='lat'><strong>543</strong></span> <span class='ocrx_word' id='word_1_74' title='bbox 537 1165 566 1223; x_wconf 91' lang='lat' dir='ltr'><strong>A</strong></span> <span class='ocrx_word' id='word_1_75' title='bbox 596 1173 631 1247; x_wconf 78' lang='grc' dir='ltr'><em>τῇ</em></span> <span class='ocrx_word' id='word_1_76' title='bbox 663 1163 807 1245; x_wconf 76' lang='grc' dir='ltr'><em>μελλούσῃ</em></span> <span class='ocrx_word' id='word_1_77' title='bbox 838 1159 935 1241; x_wconf 75' lang='grc' dir='ltr'><em>ἀκρως</em></span> <span class='ocrx_word' id='word_1_78' title='bbox 963 1161 1063 1222; x_wconf 81' lang='grc' dir='ltr'><em>οἰκεῖν.</em></span> <span class='ocrx_word' id='word_1_79' title='bbox 1087 1161 1158 1222; x_wconf 87' lang='lat' dir='ltr'><strong>Par.</strong></span> <span class='ocrx_word' id='word_1_80' title='bbox 1182 1162 1210 1220; x_wconf 91' lang='lat' dir='ltr'><strong>A</strong></span> <span class='ocrx_word' id='word_1_81' title='bbox 1234 1176 1260 1221; x_wconf 84' lang='lat' dir='ltr'><strong>c.</strong></span> <span class='ocrx_word' id='word_1_82' title='bbox 1286 1161 1373 1220; x_wconf 84' lang='lat' dir='ltr'><strong>Ven⁰</strong></span> <span class='ocrx_word' id='word_1_83' title='bbox 1397 1161 1428 1216; x_wconf 92' lang='grc' dir='ltr'><em>Π</em></span> 
     </span>
     <span class='ocr_line' id='line_1_9' title="bbox 250 1270 1403 1352; baseline -0.004 -13"><span class='ocrx_word' id='word_1_84' title='bbox 250 1279 361 1339; x_wconf 90' lang='lat' dir='ltr'><strong>omisit</strong></span> <span class='ocrx_word' id='word_1_85' title='bbox 380 1278 478 1352; x_wconf 80' lang='lat' dir='ltr'><strong>(prob.</strong></span> <span class='ocrx_word' id='word_1_86' title='bbox 500 1277 610 1338; x_wconf 80' lang='lat' dir='ltr'><strong>Stallb.</strong></span> <span class='ocrx_word' id='word_1_87' title='bbox 633 1278 681 1338; x_wconf 91' lang='lat' dir='ltr'><strong>ed.</strong></span> <span class='ocrx_word' id='word_1_88' title='bbox 703 1277 807 1346; x_wconf 80' lang='lat' dir='ltr'><strong>Goth.)</strong></span> <span class='ocrx_word' id='word_1_89' title='bbox 825 1273 940 1335; x_wconf 72' lang='grc' dir='ltr'><em>ἔσονται</em></span> <span class='ocrx_word' id='word_1_90' title='bbox 951 1277 1026 1350; x_wconf 88' lang='lat' dir='ltr'><strong>post</strong></span> <span class='ocrx_word' id='word_1_91' title='bbox 1037 1270 1259 1351; x_wconf 79' lang='grc' dir='ltr'><em>νομοθετητέαι,</em></span> <span class='ocrx_word' id='word_1_92' title='bbox 1270 1273 1403 1348; x_wconf 87' lang='lat' dir='ltr'><strong>optime.</strong></span> 
     </span>
     <span class='ocr_line' id='line_1_10' title="bbox 104 1371 1427 1468; baseline -0.002 -17"><span class='ocrx_word' id='word_1_93' title='bbox 104 1392 170 1452; x_wconf 83' lang='grc'><strong>460</strong></span> <span class='ocrx_word' id='word_1_94' title='bbox 201 1386 225 1453; x_wconf 78' lang='lat' dir='ltr'>C</span> <span class='ocrx_word' id='word_1_95' title='bbox 293 1392 382 1452; x_wconf 64' lang='grc'><strong>1111</strong></span> <span class='ocrx_word' id='word_1_96' title='bbox 407 1391 447 1462; x_wconf 82' lang='grc' dir='ltr'><strong>εἴς</strong></span> <span class='ocrx_word' id='word_1_97' title='bbox 473 1414 539 1450; x_wconf 85' lang='grc' dir='ltr'><em>τινα</em></span> <span class='ocrx_word' id='word_1_98' title='bbox 562 1389 654 1468; x_wconf 84' lang='grc' dir='ltr'><em>σιμὸν</em></span> <span class='ocrx_word' id='word_1_99' title='bbox 678 1391 840 1465; x_wconf 87' lang='lat' dir='ltr'><strong>probanda</strong></span> <span class='ocrx_word' id='word_1_100' title='bbox 864 1391 924 1466; x_wconf 89' lang='lat' dir='ltr'><strong>est,</strong></span> <span class='ocrx_word' id='word_1_101' title='bbox 949 1389 1024 1463; x_wconf 89' lang='lat' dir='ltr'><strong>quia</strong></span> <span class='ocrx_word' id='word_1_102' title='bbox 1047 1389 1102 1449; x_wconf 94' lang='lat' dir='ltr'><strong>ille</strong></span> <span class='ocrx_word' id='word_1_103' title='bbox 1126 1385 1216 1464; x_wconf 81' lang='grc' dir='ltr'><em>σηκὸς</em></span> <span class='ocrx_word' id='word_1_104' title='bbox 1240 1402 1339 1462; x_wconf 86' lang='lat' dir='ltr'><strong>supra</strong></span> <span class='ocrx_word' id='word_1_105' title='bbox 1362 1371 1427 1448; x_wconf 84' lang='lat' dir='ltr'><strong>non</strong></span> 
     </span>
     <span class='ocr_line' id='line_1_11' title="bbox 250 1499 1428 1580; baseline -0.004 -14"><span class='ocrx_word' id='word_1_106' title='bbox 250 1507 452 1567; x_wconf 89' lang='lat' dir='ltr'><strong>memoratus</strong></span> <span class='ocrx_word' id='word_1_107' title='bbox 486 1507 553 1577; x_wconf 90' lang='lat' dir='ltr'><strong>est;</strong></span> <span class='ocrx_word' id='word_1_108' title='bbox 587 1506 719 1565; x_wconf 90' lang='lat' dir='ltr'><strong>demum</strong></span> <span class='ocrx_word' id='word_1_109' title='bbox 754 1504 786 1562; x_wconf 90' lang='lat' dir='ltr'><strong>in</strong></span> <span class='ocrx_word' id='word_1_110' title='bbox 821 1504 839 1573; x_wconf 61' lang='grc' dir='ltr'>ὅ</span> <span class='ocrx_word' id='word_1_111' title='bbox 870 1503 929 1564; x_wconf 90' lang='lat' dir='ltr'><strong>ult.</strong></span> <span class='ocrx_word' id='word_1_112' title='bbox 962 1499 1020 1573; x_wconf 72' lang='lat' dir='ltr'><strong>(ici</strong></span> <span class='ocrx_word' id='word_1_113' title='bbox 1049 1500 1101 1562; x_wconf 89' lang='grc' dir='ltr'><strong>τὸν</strong></span> <span class='ocrx_word' id='word_1_114' title='bbox 1132 1500 1237 1580; x_wconf 81' lang='grc' dir='ltr'><em>σηκόν)</em></span> <span class='ocrx_word' id='word_1_115' title='bbox 1269 1501 1428 1562; x_wconf 81' lang='lat' dir='ltr'><strong>articulus</strong></span> 
     </span>
     <span class='ocr_line' id='line_1_12' title="bbox 249 1615 1426 1692; baseline -0.003 -12"><span class='ocrx_word' id='word_1_116' title='bbox 249 1620 409 1680; x_wconf 87' lang='lat' dir='ltr'><strong>ferendus.</strong></span> <span class='ocrx_word' id='word_1_117' title='bbox 442 1620 552 1680; x_wconf 91' lang='lat' dir='ltr'><strong>Possis</strong></span> <span class='ocrx_word' id='word_1_118' title='bbox 583 1618 682 1679; x_wconf 89' lang='lat' dir='ltr'><strong>etiam</strong></span> <span class='ocrx_word' id='word_1_119' title='bbox 714 1618 805 1677; x_wconf 87' lang='lat' dir='ltr'><strong>artie.</strong></span> <span class='ocrx_word' id='word_1_120' title='bbox 838 1617 954 1692; x_wconf 89' lang='lat' dir='ltr'><strong>delere,</strong></span> <span class='ocrx_word' id='word_1_121' title='bbox 984 1617 1040 1676; x_wconf 91' lang='lat' dir='ltr'><strong>sed</strong></span> <span class='ocrx_word' id='word_1_122' title='bbox 1064 1618 1114 1676; x_wconf 90' lang='lat' dir='ltr'><strong>ter</strong></span> <span class='ocrx_word' id='word_1_123' title='bbox 1137 1615 1311 1690; x_wconf 86' lang='lat' dir='ltr'><strong>repetitum</strong></span> <span class='ocrx_word' id='word_1_124' title='bbox 1335 1631 1426 1690; x_wconf 89' lang='lat' dir='ltr'><strong>pron.</strong></span> 
     </span>
     <span class='ocr_line' id='line_1_13' title="bbox 249 1725 1427 1811; baseline -0.005 -18"><span class='ocrx_word' id='word_1_125' title='bbox 249 1733 377 1795; x_wconf 86' lang='lat' dir='ltr'><strong>indefln.</strong></span> <span class='ocrx_word' id='word_1_126' title='bbox 403 1730 456 1811; x_wconf 78' lang='grc' dir='ltr'><strong>(εἴς</strong></span> <span class='ocrx_word' id='word_1_127' title='bbox 479 1755 545 1791; x_wconf 86' lang='grc' dir='ltr'><em>τινα</em></span> <span class='ocrx_word' id='word_1_128' title='bbox 568 1731 699 1809; x_wconf 82' lang='grc' dir='ltr'><em>σηκόν..</em></span> <span class='ocrx_word' id='word_1_129' title='bbox 714 1776 740 1788; x_wconf 90' lang='grc'><strong>..</strong></span> <span class='ocrx_word' id='word_1_130' title='bbox 763 1729 844 1808; x_wconf 81' lang='grc' dir='ltr'><em>καρολ</em></span> <span class='ocrx_word' id='word_1_131' title='bbox 867 1752 948 1800; x_wconf 84' lang='grc' dir='ltr'><em>τινας</em></span> <span class='ocrx_word' id='word_1_132' title='bbox 971 1729 1120 1807; x_wconf 84' lang='grc' dir='ltr'><em>τροφούς.</em></span> <span class='ocrx_word' id='word_1_133' title='bbox 1134 1775 1140 1786; x_wconf 92' lang='grc'><strong>.</strong></span> <span class='ocrx_word' id='word_1_134' title='bbox 1154 1774 1182 1787; x_wconf 91' lang='grc'><strong>..</strong></span> <span class='ocrx_word' id='word_1_135' title='bbox 1205 1726 1237 1788; x_wconf 71' lang='grc' dir='ltr'><em>ἕν</em></span> <span class='ocrx_word' id='word_1_136' title='bbox 1257 1751 1315 1788; x_wconf 85' lang='grc' dir='ltr'><em>τινι</em></span> <span class='ocrx_word' id='word_1_137' title='bbox 1337 1725 1427 1808; x_wconf 77' lang='grc' dir='ltr'><em>μέρει)</em></span> 
     </span>
     <span class='ocr_line' id='line_1_14' title="bbox 250 1842 1429 1920; baseline -0.003 -13"><span class='ocrx_word' id='word_1_138' title='bbox 250 1863 320 1907; x_wconf 92' lang='lat' dir='ltr'><strong>rem</strong></span> <span class='ocrx_word' id='word_1_139' title='bbox 343 1848 523 1907; x_wconf 87' lang='lat' dir='ltr'><strong>inauditam</strong></span> <span class='ocrx_word' id='word_1_140' title='bbox 547 1845 733 1920; x_wconf 84' lang='lat' dir='ltr'><strong>expositum</strong></span> <span class='ocrx_word' id='word_1_141' title='bbox 757 1844 964 1918; x_wconf 87' lang='lat' dir='ltr'><strong>aptissimum</strong></span> <span class='ocrx_word' id='word_1_142' title='bbox 989 1845 1049 1904; x_wconf 92' lang='lat' dir='ltr'><strong>est.</strong></span> <span class='ocrx_word' id='word_1_143' title='bbox 1076 1877 1116 1886; x_wconf 88' lang='lat'>-</span> <span class='ocrx_word' id='word_1_144' title='bbox 1137 1842 1285 1903; x_wconf 83' lang='lat' dir='ltr'><strong>Infantes</strong></span> <span class='ocrx_word' id='word_1_145' title='bbox 1306 1843 1429 1903; x_wconf 86' lang='lat' dir='ltr'><strong>debiles</strong></span> 
     </span>
     <span class='ocr_line' id='line_1_15' title="bbox 250 1953 1427 2037; baseline -0.003 -16"><span class='ocrx_word' id='word_1_146' title='bbox 250 1977 314 2021; x_wconf 88' lang='lat' dir='ltr'><strong>non</strong></span> <span class='ocrx_word' id='word_1_147' title='bbox 348 1960 495 2037; x_wconf 88' lang='lat' dir='ltr'><strong>interfici,</strong></span> <span class='ocrx_word' id='word_1_148' title='bbox 526 1962 583 2021; x_wconf 90' lang='lat' dir='ltr'><strong>sed</strong></span> <span class='ocrx_word' id='word_1_149' title='bbox 618 1959 651 2020; x_wconf 92' lang='lat' dir='ltr'><strong>in</strong></span> <span class='ocrx_word' id='word_1_150' title='bbox 685 1959 824 2019; x_wconf 85' lang='lat' dir='ltr'><strong>classem</strong></span> <span class='ocrx_word' id='word_1_151' title='bbox 864 1959 996 2018; x_wconf 88' lang='lat' dir='ltr'><strong>tertiam</strong></span> <span class='ocrx_word' id='word_1_152' title='bbox 1032 1958 1115 2018; x_wconf 90' lang='lat' dir='ltr'><strong>tradi</strong></span> <span class='ocrx_word' id='word_1_153' title='bbox 1150 1959 1307 2031; x_wconf 86' lang='lat' dir='ltr'><strong>putarunt</strong></span> <span class='ocrx_word' id='word_1_154' title='bbox 1343 1953 1427 2034; x_wconf 86' lang='lat' dir='ltr'><strong>(coll.</strong></span> 
     </span>
     <span class='ocr_line' id='line_1_16' title="bbox 253 2066 1428 2152; baseline -0.007 -17"><span class='ocrx_word' id='word_1_155' title='bbox 253 2076 335 2135; x_wconf 73' lang='lat' dir='ltr'><strong>Tim.</strong></span> <span class='ocrx_word' id='word_1_156' title='bbox 362 2075 402 2134; x_wconf 88' lang='grc'><strong>19</strong></span> <span class='ocrx_word' id='word_1_157' title='bbox 426 2076 455 2134; x_wconf 94' lang='grc' dir='ltr'><strong>Α</strong></span> <span class='ocrx_word' id='word_1_158' title='bbox 478 2070 513 2132; x_wconf 80' lang='grc' dir='ltr'><em>τὰ</em></span> <span class='ocrx_word' id='word_1_159' title='bbox 538 2069 570 2132; x_wconf 72' lang='grc' dir='ltr'><strong>δὲ</strong></span> <span class='ocrx_word' id='word_1_160' title='bbox 593 2080 652 2131; x_wconf 87' lang='grc' dir='ltr'><strong>τῶν</strong></span> <span class='ocrx_word' id='word_1_161' title='bbox 670 2080 770 2130; x_wconf 82' lang='grc' dir='ltr'><em>κακῶν</em></span> <span class='ocrx_word' id='word_1_162' title='bbox 792 2070 832 2142; x_wconf 82' lang='grc' dir='ltr'><strong>εἰς</strong></span> <span class='ocrx_word' id='word_1_163' title='bbox 852 2068 906 2147; x_wconf 71' lang='grc' dir='ltr'><strong>τὴν</strong></span> <span class='ocrx_word' id='word_1_164' title='bbox 926 2067 1018 2147; x_wconf 74' lang='grc' dir='ltr'><em>ἀλλην</em></span> <span class='ocrx_word' id='word_1_165' title='bbox 1038 2069 1137 2152; x_wconf 78' lang='grc' dir='ltr'><em>λάθρᾳ</em></span> <span class='ocrx_word' id='word_1_166' title='bbox 1157 2066 1310 2129; x_wconf 80' lang='grc' dir='ltr'><em>διαδοτὲον</em></span> <span class='ocrx_word' id='word_1_167' title='bbox 1331 2069 1428 2141; x_wconf 83' lang='grc' dir='ltr'><em>πόλιν)</em></span> 
     </span>
     <span class='ocr_line' id='line_1_17' title="bbox 253 2183 1427 2262; baseline -0.003 -15"><span class='ocrx_word' id='word_1_168' title='bbox 253 2187 303 2248; x_wconf 89' lang='lat' dir='ltr'><strong>W.</strong></span> <span class='ocrx_word' id='word_1_169' title='bbox 321 2187 485 2247; x_wconf 78' lang='lat' dir='ltr'><strong>Wmenuo</strong></span> <span class='ocrx_word' id='word_1_170' title='bbox 507 2186 768 2262; x_wconf 84' lang='lat' dir='ltr'><strong>(,Berichtigung</strong></span> <span class='ocrx_word' id='word_1_171' title='bbox 781 2186 870 2245; x_wconf 89' lang='lat' dir='ltr'><strong>eines</strong></span> <span class='ocrx_word' id='word_1_172' title='bbox 886 2185 1212 2244; x_wconf 81' lang='lat' dir='ltr'><strong>misversttndnisses</strong></span> <span class='ocrx_word' id='word_1_173' title='bbox 1224 2185 1280 2244; x_wconf 88' lang='lat' dir='ltr'><strong>der</strong></span> <span class='ocrx_word' id='word_1_174' title='bbox 1291 2183 1427 2244; x_wconf 90' lang='lat' dir='ltr'><strong>Uebers.</strong></span> 
     </span>
     <span class='ocr_line' id='line_1_18' title="bbox 252 2298 1429 2374; baseline -0.003 -14"><span class='ocrx_word' id='word_1_175' title='bbox 252 2300 318 2360; x_wconf 91' lang='lat' dir='ltr'><strong>und</strong></span> <span class='ocrx_word' id='word_1_176' title='bbox 341 2300 490 2360; x_wconf 76' lang='lat' dir='ltr'><strong>Erkltrer</strong></span> <span class='ocrx_word' id='word_1_177' title='bbox 512 2301 666 2360; x_wconf 89' lang='lat' dir='ltr'><strong>Platons&#39;&#39;</strong></span> <span class='ocrx_word' id='word_1_178' title='bbox 691 2300 809 2359; x_wconf 80' lang='lat' dir='ltr'><strong>Philos</strong></span> <span class='ocrx_word' id='word_1_179' title='bbox 831 2300 1011 2359; x_wconf 90' lang='lat' dir='ltr'><strong>monatsch.</strong></span> <span class='ocrx_word' id='word_1_180' title='bbox 1035 2299 1130 2374; x_wconf 79' lang='grc'><strong>1815,</strong></span> <span class='ocrx_word' id='word_1_181' title='bbox 1151 2298 1198 2358; x_wconf 91' lang='lat' dir='ltr'><strong>XI</strong></span> <span class='ocrx_word' id='word_1_182' title='bbox 1217 2314 1247 2373; x_wconf 90' lang='lat' dir='ltr'><strong>p.</strong></span> <span class='ocrx_word' id='word_1_183' title='bbox 1263 2299 1429 2367; x_wconf 79' lang='lat'>337-40)</span> 
     </span>
     <span class='ocr_line' id='line_1_19' title="bbox 254 2408 1429 2490; baseline -0.001 -17"><span class='ocrx_word' id='word_1_184' title='bbox 254 2416 286 2474; x_wconf 90' lang='lat' dir='ltr'><strong>et</strong></span> <span class='ocrx_word' id='word_1_185' title='bbox 309 2413 442 2473; x_wconf 79' lang='lat' dir='ltr'><strong>Hsnnsn</strong></span> <span class='ocrx_word' id='word_1_186' title='bbox 457 2408 479 2490; x_wconf 88' lang='grc'><strong>1)</strong></span> <span class='ocrx_word' id='word_1_187' title='bbox 505 2413 683 2488; x_wconf 88' lang='lat' dir='ltr'><strong>(,Jahresb.</strong></span> <span class='ocrx_word' id='word_1_188' title='bbox 705 2413 761 2472; x_wconf 89' lang='lat' dir='ltr'><strong>des</strong></span> <span class='ocrx_word' id='word_1_189' title='bbox 785 2413 898 2472; x_wconf 91' lang='lat' dir='ltr'><strong>Philol.</strong></span> <span class='ocrx_word' id='word_1_190' title='bbox 923 2411 1058 2472; x_wconf 87' lang='lat' dir='ltr'><strong>Vereins</strong></span> <span class='ocrx_word' id='word_1_191' title='bbox 1078 2428 1118 2471; x_wconf 84' lang='lat' dir='ltr'><strong>zu</strong></span> <span class='ocrx_word' id='word_1_192' title='bbox 1138 2412 1291 2487; x_wconf 90' lang='lat' dir='ltr'><strong>Berlin”),</strong></span> <span class='ocrx_word' id='word_1_193' title='bbox 1311 2412 1429 2485; x_wconf 88' lang='lat' dir='ltr'><strong>quibus</strong></span> 
     </span>
     <span class='ocr_line' id='line_1_20' title="bbox 253 2523 1429 2602; baseline -0.003 -15"><span class='ocrx_word' id='word_1_194' title='bbox 253 2529 364 2587; x_wconf 84' lang='lat' dir='ltr'><strong>autem</strong></span> <span class='ocrx_word' id='word_1_195' title='bbox 396 2526 560 2600; x_wconf 84' lang='lat' dir='ltr'><strong>(lampbell</strong></span> <span class='ocrx_word' id='word_1_196' title='bbox 591 2526 782 2586; x_wconf 88' lang='lat' dir='ltr'><strong>adversatur</strong></span> <span class='ocrx_word' id='word_1_197' title='bbox 813 2526 884 2586; x_wconf 90' lang='lat' dir='ltr'><strong>coll.</strong></span> <span class='ocrx_word' id='word_1_198' title='bbox 912 2525 1046 2589; x_wconf 86' lang='lat' dir='ltr'><strong>Aristot.</strong></span> <span class='ocrx_word' id='word_1_199' title='bbox 1071 2525 1138 2586; x_wconf 90' lang='lat' dir='ltr'><strong>Pol.</strong></span> <span class='ocrx_word' id='word_1_200' title='bbox 1165 2528 1194 2602; x_wconf 78' lang='lat'><strong>7,</strong></span> <span class='ocrx_word' id='word_1_201' title='bbox 1221 2527 1260 2586; x_wconf 88' lang='grc'><strong>16</strong></span> <span class='ocrx_word' id='word_1_202' title='bbox 1284 2523 1304 2600; x_wconf 63' lang='grc' dir='ltr'><strong><em>ξ</em></strong></span> <span class='ocrx_word' id='word_1_203' title='bbox 1331 2527 1371 2585; x_wconf 86' lang='grc'><strong>15</strong></span> <span class='ocrx_word' id='word_1_204' title='bbox 1396 2527 1429 2585; x_wconf 92' lang='lat' dir='ltr'><strong>et</strong></span> 
     </span>
     <span class='ocr_line' id='line_1_21' title="bbox 256 2638 1428 2718; baseline -0.003 -18"><span class='ocrx_word' id='word_1_205' title='bbox 256 2656 333 2718; x_wconf 90' lang='lat' dir='ltr'><strong>,nor</strong></span> <span class='ocrx_word' id='word_1_206' title='bbox 363 2641 456 2717; x_wconf 85' lang='lat' dir='ltr'><strong>can”,</strong></span> <span class='ocrx_word' id='word_1_207' title='bbox 483 2639 597 2715; x_wconf 86' lang='lat' dir='ltr'><strong>inquit,</strong></span> <span class='ocrx_word' id='word_1_208' title='bbox 625 2640 698 2715; x_wconf 89' lang='lat' dir='ltr'><strong>,the</strong></span> <span class='ocrx_word' id='word_1_209' title='bbox 723 2638 838 2698; x_wconf 90' lang='lat' dir='ltr'><strong>milder</strong></span> <span class='ocrx_word' id='word_1_210' title='bbox 860 2639 946 2699; x_wconf 86' lang='lat' dir='ltr'><strong>view</strong></span> <span class='ocrx_word' id='word_1_211' title='bbox 967 2639 1007 2699; x_wconf 91' lang='lat' dir='ltr'><strong>be</strong></span> <span class='ocrx_word' id='word_1_212' title='bbox 1030 2639 1185 2700; x_wconf 88' lang='lat' dir='ltr'><strong>defended</strong></span> <span class='ocrx_word' id='word_1_213' title='bbox 1208 2639 1251 2711; x_wconf 87' lang='lat' dir='ltr'><strong>by</strong></span> <span class='ocrx_word' id='word_1_214' title='bbox 1275 2638 1428 2698; x_wconf 75' lang='lat' dir='ltr'><strong>Timaeus</strong></span> 
     </span>
     <span class='ocr_line' id='line_1_22' title="bbox 256 2749 1427 2832; baseline -0.003 -17"><span class='ocrx_word' id='word_1_215' title='bbox 256 2757 295 2817; x_wconf 87' lang='grc'><strong>19</strong></span> <span class='ocrx_word' id='word_1_216' title='bbox 319 2756 346 2815; x_wconf 89' lang='grc' dir='ltr'>Α</span> <span class='ocrx_word' id='word_1_217' title='bbox 372 2751 419 2832; x_wconf 87' lang='grc' dir='ltr'><strong>(τά</strong></span> <span class='ocrx_word' id='word_1_218' title='bbox 443 2749 475 2813; x_wconf 82' lang='grc' dir='ltr'><strong>δὲ</strong></span> <span class='ocrx_word' id='word_1_219' title='bbox 497 2762 556 2813; x_wconf 85' lang='grc' dir='ltr'><strong>τῶν</strong></span> <span class='ocrx_word' id='word_1_220' title='bbox 579 2761 680 2812; x_wconf 81' lang='grc' dir='ltr'><em>κακῶν</em></span> <span class='ocrx_word' id='word_1_221' title='bbox 702 2756 780 2823; x_wconf 84' lang='grc' dir='ltr'><em>κτλ);</em></span> <span class='ocrx_word' id='word_1_222' title='bbox 804 2753 853 2812; x_wconf 86' lang='lat' dir='ltr'><strong>for</strong></span> <span class='ocrx_word' id='word_1_223' title='bbox 876 2753 902 2812; x_wconf 91' lang='lat' dir='ltr'><strong>it</strong></span> <span class='ocrx_word' id='word_1_224' title='bbox 926 2753 955 2812; x_wconf 92' lang='lat' dir='ltr'><strong>is</strong></span> <span class='ocrx_word' id='word_1_225' title='bbox 974 2755 1031 2813; x_wconf 86' lang='lat' dir='ltr'><strong>not</strong></span> <span class='ocrx_word' id='word_1_226' title='bbox 1050 2768 1224 2826; x_wconf 83' lang='lat' dir='ltr'><strong>necessary</strong></span> <span class='ocrx_word' id='word_1_227' title='bbox 1244 2753 1317 2812; x_wconf 88' lang='lat' dir='ltr'><strong>that</strong></span> <span class='ocrx_word' id='word_1_228' title='bbox 1337 2753 1427 2813; x_wconf 86' lang='lat' dir='ltr'><strong>Plato</strong></span> 
     </span>
     <span class='ocr_line' id='line_1_23' title="bbox 253 2865 1428 2943; baseline -0.003 -15"><span class='ocrx_word' id='word_1_229' title='bbox 253 2869 368 2930; x_wconf 90' lang='lat' dir='ltr'><strong>should</strong></span> <span class='ocrx_word' id='word_1_230' title='bbox 402 2868 441 2928; x_wconf 91' lang='lat' dir='ltr'><strong>be</strong></span> <span class='ocrx_word' id='word_1_231' title='bbox 475 2867 631 2943; x_wconf 86' lang='lat' dir='ltr'><strong>periectly</strong></span> <span class='ocrx_word' id='word_1_232' title='bbox 663 2866 863 2928; x_wconf 85' lang='lat' dir='ltr'><strong>consistent”</strong></span> <span class='ocrx_word' id='word_1_233' title='bbox 896 2865 1083 2937; x_wconf 87' lang='lat' dir='ltr'><strong>(verisimile</strong></span> <span class='ocrx_word' id='word_1_234' title='bbox 1116 2867 1203 2926; x_wconf 93' lang='lat' dir='ltr'><strong>enim</strong></span> <span class='ocrx_word' id='word_1_235' title='bbox 1231 2867 1282 2925; x_wconf 90' lang='lat' dir='ltr'><strong>est</strong></span> <span class='ocrx_word' id='word_1_236' title='bbox 1304 2866 1372 2925; x_wconf 89' lang='lat' dir='ltr'><strong>iam</strong></span> <span class='ocrx_word' id='word_1_237' title='bbox 1396 2865 1428 2924; x_wconf 91' lang='lat' dir='ltr'><strong>in</strong></span> 
     </span>
     <span class='ocr_line' id='line_1_24' title="bbox 253 2978 1427 3054; baseline -0.003 -14"><span class='ocrx_word' id='word_1_238' title='bbox 253 2981 385 3040; x_wconf 79' lang='lat' dir='ltr'><strong>Timaeo</strong></span> <span class='ocrx_word' id='word_1_239' title='bbox 406 2980 575 3040; x_wconf 91' lang='lat' dir='ltr'><strong>Platonem</strong></span> <span class='ocrx_word' id='word_1_240' title='bbox 592 2981 788 3040; x_wconf 87' lang='lat' dir='ltr'><strong>sententiam</strong></span> <span class='ocrx_word' id='word_1_241' title='bbox 801 2981 839 3040; x_wconf 92' lang='lat' dir='ltr'><strong>de</strong></span> <span class='ocrx_word' id='word_1_242' title='bbox 853 2979 1083 3040; x_wconf 86' lang='lat' dir='ltr'><strong>interficiendis</strong></span> <span class='ocrx_word' id='word_1_243' title='bbox 1096 2980 1148 3040; x_wconf 93' lang='lat' dir='ltr'><strong>vel</strong></span> <span class='ocrx_word' id='word_1_244' title='bbox 1160 2982 1219 3050; x_wconf 82' lang='grc' dir='ltr'><em>τοῖς</em></span> <span class='ocrx_word' id='word_1_245' title='bbox 1231 2986 1290 3037; x_wconf 82' lang='grc' dir='ltr'><strong>τῶν</strong></span> <span class='ocrx_word' id='word_1_246' title='bbox 1303 2978 1427 3054; x_wconf 80' lang='grc' dir='ltr'><em>φαύλων</em></span> 
     </span>
     <span class='ocr_line' id='line_1_25' title="bbox 254 3089 1427 3172; baseline -0.002 -19"><span class='ocrx_word' id='word_1_247' title='bbox 254 3092 397 3170; x_wconf 83' lang='grc' dir='ltr'><em>φυλάκων</em></span> <span class='ocrx_word' id='word_1_248' title='bbox 421 3089 553 3172; x_wconf 72' lang='grc' dir='ltr'><em>ἐκγόνοις</em></span> <span class='ocrx_word' id='word_1_249' title='bbox 572 3093 778 3168; x_wconf 89' lang='lat' dir='ltr'><strong>immutasse,</strong></span> <span class='ocrx_word' id='word_1_250' title='bbox 799 3094 884 3152; x_wconf 86' lang='lat' dir='ltr'><strong>sicut</strong></span> <span class='ocrx_word' id='word_1_251' title='bbox 904 3094 937 3153; x_wconf 94' lang='lat' dir='ltr'><strong>in</strong></span> <span class='ocrx_word' id='word_1_252' title='bbox 957 3093 1082 3165; x_wconf 83' lang='lat' dir='ltr'><strong>dialogo</strong></span> <span class='ocrx_word' id='word_1_253' title='bbox 1105 3094 1145 3153; x_wconf 91' lang='lat' dir='ltr'><strong>de</strong></span> <span class='ocrx_word' id='word_1_254' title='bbox 1166 3092 1303 3166; x_wconf 83' lang='lat' dir='ltr'><strong>Legibus</strong></span> <span class='ocrx_word' id='word_1_255' title='bbox 1324 3094 1427 3153; x_wconf 87' lang='lat' dir='ltr'><strong>totam</strong></span> 
     </span>
     <span class='ocr_line' id='line_1_26' title="bbox 253 3203 1427 3284; baseline -0.001 -17"><span class='ocrx_word' id='word_1_256' title='bbox 253 3208 344 3268; x_wconf 89' lang='lat' dir='ltr'><strong>illam</strong></span> <span class='ocrx_word' id='word_1_257' title='bbox 365 3207 540 3267; x_wconf 91' lang='lat' dir='ltr'><strong>mulierum</strong></span> <span class='ocrx_word' id='word_1_258' title='bbox 561 3206 831 3267; x_wconf 83' lang='lat' dir='ltr'><strong>communitatem</strong></span> <span class='ocrx_word' id='word_1_259' title='bbox 848 3203 987 3284; x_wconf 87' lang='lat' dir='ltr'><strong>abiecit),</strong></span> <span class='ocrx_word' id='word_1_260' title='bbox 1009 3207 1192 3268; x_wconf 78' lang='lat' dir='ltr'><strong>rectissime:</strong></span> <span class='ocrx_word' id='word_1_261' title='bbox 1213 3221 1355 3279; x_wconf 87' lang='lat' dir='ltr'><strong>namque</strong></span> <span class='ocrx_word' id='word_1_262' title='bbox 1371 3221 1427 3266; x_wconf 91' lang='lat' dir='ltr'><strong>nec</strong></span> 
     </span>
     <span class='ocr_line' id='line_1_27' title="bbox 253 3312 1427 3403; baseline -0.003 -22"><span class='ocrx_word' id='word_1_263' title='bbox 253 3324 382 3397; x_wconf 88' lang='lat' dir='ltr'><strong>propter</strong></span> <span class='ocrx_word' id='word_1_264' title='bbox 402 3320 549 3381; x_wconf 86' lang='lat' dir='ltr'><strong>ominosa</strong></span> <span class='ocrx_word' id='word_1_265' title='bbox 570 3320 667 3381; x_wconf 87' lang='lat' dir='ltr'><strong>verba</strong></span> <span class='ocrx_word' id='word_1_266' title='bbox 688 3317 720 3378; x_wconf 79' lang='grc' dir='ltr'><em>ἐν</em></span> <span class='ocrx_word' id='word_1_267' title='bbox 740 3315 896 3403; x_wconf 78' lang='grc' dir='ltr'><em>ἀπορρήτῳ</em></span> <span class='ocrx_word' id='word_1_268' title='bbox 917 3316 1014 3378; x_wconf 81' lang='grc' dir='ltr'><em>τεκαὶ</em></span> <span class='ocrx_word' id='word_1_269' title='bbox 1034 3317 1134 3403; x_wconf 77' lang='grc' dir='ltr'><em>ἀδήλῳ</em></span> <span class='ocrx_word' id='word_1_270' title='bbox 1146 3318 1393 3396; x_wconf 80' lang='grc' dir='ltr'><em>κατακρύψουσιν</em></span> <span class='ocrx_word' id='word_1_271' title='bbox 1406 3312 1427 3388; x_wconf 84' lang='lat'><strong>²)</strong></span> 
     </span>
     <span class='ocr_line' id='line_1_28' title="bbox 254 3433 1428 3510; baseline -0.002 -15"><span class='ocrx_word' id='word_1_272' title='bbox 254 3450 314 3495; x_wconf 87' lang='lat' dir='ltr'><strong>nec</strong></span> <span class='ocrx_word' id='word_1_273' title='bbox 345 3437 473 3510; x_wconf 85' lang='lat' dir='ltr'><strong>propter</strong></span> <span class='ocrx_word' id='word_1_274' title='bbox 503 3433 609 3494; x_wconf 90' lang='lat' dir='ltr'><strong>locum</strong></span> <span class='ocrx_word' id='word_1_275' title='bbox 641 3434 674 3493; x_wconf 88' lang='lat' dir='ltr'><strong>in</strong></span> <span class='ocrx_word' id='word_1_276' title='bbox 706 3434 770 3493; x_wconf 83' lang='lat'><strong>415</strong></span> <span class='ocrx_word' id='word_1_277' title='bbox 802 3434 827 3492; x_wconf 91' lang='grc' dir='ltr'><strong>Β</strong></span> <span class='ocrx_word' id='word_1_278' title='bbox 853 3433 990 3494; x_wconf 81' lang='lat' dir='ltr'><strong>Gnobis</strong></span> <span class='ocrx_word' id='word_1_279' title='bbox 1014 3434 1091 3494; x_wconf 91' lang='lat' dir='ltr'><strong>licet</strong></span> <span class='ocrx_word' id='word_1_280' title='bbox 1113 3434 1236 3508; x_wconf 88' lang='lat' dir='ltr'><strong>opinari</strong></span> <span class='ocrx_word' id='word_1_281' title='bbox 1260 3433 1428 3493; x_wconf 91' lang='lat' dir='ltr'><strong>Platonem</strong></span> 
     </span>
     <span class='ocr_line' id='line_1_29' title="bbox 255 3544 1428 3627; baseline 0 -21"><span class='ocrx_word' id='word_1_282' title='bbox 255 3545 290 3606; x_wconf 88' lang='grc' dir='ltr'><em>ιά</em></span> <span class='ocrx_word' id='word_1_283' title='bbox 310 3544 450 3626; x_wconf 80' lang='grc' dir='ltr'><em>ἀνάιιηρα</em></span> <span class='ocrx_word' id='word_1_284' title='bbox 470 3544 576 3626; x_wconf 77' lang='grc' dir='ltr'><em>ἔκγονα</em></span> <span class='ocrx_word' id='word_1_285' title='bbox 596 3548 823 3607; x_wconf 88' lang='lat' dir='ltr'><strong>tantummodo</strong></span> <span class='ocrx_word' id='word_1_286' title='bbox 844 3562 945 3620; x_wconf 88' lang='lat' dir='ltr'><strong>eaque</strong></span> <span class='ocrx_word' id='word_1_287' title='bbox 964 3544 1081 3627; x_wconf 77' lang='grc' dir='ltr'><em>ἔκγονα,</em></span> <span class='ocrx_word' id='word_1_288' title='bbox 1093 3549 1132 3608; x_wconf 90' lang='lat' dir='ltr'><strong>de</strong></span> <span class='ocrx_word' id='word_1_289' title='bbox 1144 3547 1260 3621; x_wconf 91' lang='lat' dir='ltr'><strong>quibus</strong></span> <span class='ocrx_word' id='word_1_290' title='bbox 1274 3549 1338 3608; x_wconf 89' lang='grc'><strong>461</strong></span> <span class='ocrx_word' id='word_1_291' title='bbox 1353 3547 1428 3608; x_wconf 89' lang='grc' dir='ltr'><strong>Α.Β</strong></span> 
     </span>
     <span class='ocr_line' id='line_1_30' title="bbox 255 3656 1430 3738; baseline -0.002 -18"><span class='ocrx_word' id='word_1_292' title='bbox 255 3675 362 3721; x_wconf 85' lang='lat' dir='ltr'><strong>sermo</strong></span> <span class='ocrx_word' id='word_1_293' title='bbox 391 3660 444 3735; x_wconf 91' lang='lat' dir='ltr'><strong>sit,</strong></span> <span class='ocrx_word' id='word_1_294' title='bbox 471 3659 608 3720; x_wconf 85' lang='lat' dir='ltr'><strong>interfici</strong></span> <span class='ocrx_word' id='word_1_295' title='bbox 632 3659 791 3720; x_wconf 89' lang='lat' dir='ltr'><strong>voluisse:</strong></span> <span class='ocrx_word' id='word_1_296' title='bbox 815 3661 989 3721; x_wconf 90' lang='lat' dir='ltr'><strong>nonenim</strong></span> <span class='ocrx_word' id='word_1_297' title='bbox 1020 3661 1095 3720; x_wconf 91' lang='lat' dir='ltr'><strong>boni</strong></span> <span class='ocrx_word' id='word_1_298' title='bbox 1126 3656 1294 3738; x_wconf 81' lang='grc' dir='ltr'><em>νομοθέτου</em></span> <span class='ocrx_word' id='word_1_299' title='bbox 1325 3661 1430 3722; x_wconf 83' lang='lat' dir='ltr'><strong>iuerat</strong></span> 
     </span>
     <span class='ocr_line' id='line_1_31' title="bbox 253 3771 1428 3854; baseline 0 -21"><span class='ocrx_word' id='word_1_300' title='bbox 253 3773 285 3835; x_wconf 87' lang='grc' dir='ltr'><em>τὸ</em></span> <span class='ocrx_word' id='word_1_301' title='bbox 318 3773 508 3852; x_wconf 82' lang='grc' dir='ltr'><em>δημιουργῶν</em></span> <span class='ocrx_word' id='word_1_302' title='bbox 539 3771 589 3832; x_wconf 80' lang='grc' dir='ltr'><em>καὶ</em></span> <span class='ocrx_word' id='word_1_303' title='bbox 620 3781 757 3854; x_wconf 84' lang='grc' dir='ltr'><em>γεωργῶν</em></span> <span class='ocrx_word' id='word_1_304' title='bbox 788 3772 878 3846; x_wconf 76' lang='grc' dir='ltr'><em>ἔθνος</em></span> <span class='ocrx_word' id='word_1_305' title='bbox 905 3771 937 3852; x_wconf 82' lang='lat' dir='ltr'><strong>(i.</strong></span> <span class='ocrx_word' id='word_1_306' title='bbox 963 3791 989 3836; x_wconf 87' lang='grc' dir='ltr'><strong>θ.</strong></span> <span class='ocrx_word' id='word_1_307' title='bbox 1014 3776 1146 3836; x_wconf 75' lang='lat' dir='ltr'><strong>tertiam</strong></span> <span class='ocrx_word' id='word_1_308' title='bbox 1171 3776 1322 3846; x_wconf 78' lang='lat' dir='ltr'><strong>classem)</strong></span> <span class='ocrx_word' id='word_1_309' title='bbox 1347 3774 1428 3835; x_wconf 89' lang='lat' dir='ltr'><strong>debi-</strong></span> 
     </span>
     <span class='ocr_line' id='line_1_32' title="bbox 253 3886 1428 3967; baseline 0.001 -18"><span class='ocrx_word' id='word_1_310' title='bbox 253 3889 347 3965; x_wconf 89' lang='lat' dir='ltr'><strong>libus,</strong></span> <span class='ocrx_word' id='word_1_311' title='bbox 377 3889 513 3965; x_wconf 85' lang='lat' dir='ltr'><strong>vitiosis,</strong></span> <span class='ocrx_word' id='word_1_312' title='bbox 539 3889 658 3963; x_wconf 88' lang='lat' dir='ltr'><strong>spuriis</strong></span> <span class='ocrx_word' id='word_1_313' title='bbox 681 3890 852 3950; x_wconf 90' lang='lat' dir='ltr'><strong>elementis</strong></span> <span class='ocrx_word' id='word_1_314' title='bbox 876 3886 984 3967; x_wconf 81' lang='lat' dir='ltr'><strong>(venia</strong></span> <span class='ocrx_word' id='word_1_315' title='bbox 1003 3891 1046 3951; x_wconf 87' lang='lat' dir='ltr'><strong>sit</strong></span> <span class='ocrx_word' id='word_1_316' title='bbox 1066 3890 1174 3962; x_wconf 88' lang='lat' dir='ltr'><strong>verbo)</strong></span> <span class='ocrx_word' id='word_1_317' title='bbox 1194 3892 1375 3951; x_wconf 89' lang='lat' dir='ltr'><strong>attenuare.</strong></span> <span class='ocrx_word' id='word_1_318' title='bbox 1390 3921 1428 3932; x_wconf 93' lang='lat'>-</span> 
     </span>
     <span class='ocr_line' id='line_1_33' title="bbox 255 4000 1428 4083; baseline -0.001 -20"><span class='ocrx_word' id='word_1_319' title='bbox 255 4003 329 4064; x_wconf 88' lang='lat' dir='ltr'><strong>Mox</strong></span> <span class='ocrx_word' id='word_1_320' title='bbox 353 4004 474 4078; x_wconf 87' lang='lat' dir='ltr'><strong>optime</strong></span> <span class='ocrx_word' id='word_1_321' title='bbox 498 4003 661 4063; x_wconf 87' lang='lat' dir='ltr'><strong>Herwerd.</strong></span> <span class='ocrx_word' id='word_1_322' title='bbox 688 4003 760 4073; x_wconf 85' lang='lat' dir='ltr'><strong>(Mn.</strong></span> <span class='ocrx_word' id='word_1_323' title='bbox 788 4004 883 4075; x_wconf 87' lang='lat'>1883)</span> <span class='ocrx_word' id='word_1_324' title='bbox 908 4020 987 4065; x_wconf 88' lang='lat' dir='ltr'><strong>corr.</strong></span> <span class='ocrx_word' id='word_1_325' title='bbox 1013 4003 1093 4083; x_wconf 83' lang='grc' dir='ltr'><em>εάττερ</em></span> <span class='ocrx_word' id='word_1_326' title='bbox 1117 4012 1220 4083; x_wconf 89' lang='grc' dir='ltr'><em>&lt;γε&gt;</em></span> <span class='ocrx_word' id='word_1_327' title='bbox 1246 4000 1342 4081; x_wconf 80' lang='grc' dir='ltr'><em>μέλλω</em></span> <span class='ocrx_word' id='word_1_328' title='bbox 1360 4004 1381 4064; x_wconf 92' lang='lat' dir='ltr'><strong>i.</strong></span> <span class='ocrx_word' id='word_1_329' title='bbox 1402 4017 1428 4062; x_wconf 91' lang='lat' dir='ltr'><strong>e.</strong></span> 
     </span>
    </p>
   </div>
   <div class='ocr_carea' id='block_1_3' title="bbox 258 4259 1430 4485">
    <p class='ocr_par' dir='ltr' id='par_1_3' title="bbox 258 4259 1430 4485">
     <span class='ocr_line' id='line_1_34' title="bbox 293 4259 1430 4328; baseline -0.003 -17"><span class='ocrx_word' id='word_1_330' title='bbox 293 4261 310 4326; x_wconf 84' lang='lat'><strong>¹)</strong></span> <span class='ocrx_word' id='word_1_331' title='bbox 337 4265 404 4322; x_wconf 87' lang='lat' dir='ltr'><strong>,Dae</strong></span> <span class='ocrx_word' id='word_1_332' title='bbox 426 4264 518 4310; x_wconf 88' lang='lat' dir='ltr'><strong>Platon</strong></span> <span class='ocrx_word' id='word_1_333' title='bbox 539 4276 588 4308; x_wconf 88' lang='lat' dir='ltr'><strong>nur</strong></span> <span class='ocrx_word' id='word_1_334' title='bbox 610 4275 660 4309; x_wconf 86' lang='lat' dir='ltr'><strong>von</strong></span> <span class='ocrx_word' id='word_1_335' title='bbox 677 4261 839 4320; x_wconf 80' lang='lat' dir='ltr'><strong>Verseizung</strong></span> <span class='ocrx_word' id='word_1_336' title='bbox 859 4260 885 4308; x_wconf 91' lang='lat' dir='ltr'><strong>in</strong></span> <span class='ocrx_word' id='word_1_337' title='bbox 903 4260 952 4309; x_wconf 88' lang='lat' dir='ltr'><strong>den</strong></span> <span class='ocrx_word' id='word_1_338' title='bbox 971 4264 1019 4308; x_wconf 61' lang='grc'><strong>31111</strong></span> <span class='ocrx_word' id='word_1_339' title='bbox 1035 4261 1115 4309; x_wconf 83' lang='lat' dir='ltr'><strong>Stand</strong></span> <span class='ocrx_word' id='word_1_340' title='bbox 1132 4262 1240 4323; x_wconf 87' lang='lat' dir='ltr'><strong>spricht,</strong></span> <span class='ocrx_word' id='word_1_341' title='bbox 1255 4262 1358 4310; x_wconf 84' lang='lat' dir='ltr'><strong>scheint</strong></span> <span class='ocrx_word' id='word_1_342' title='bbox 1374 4259 1430 4328; x_wconf 86' lang='lat' dir='ltr'><strong>(mit</strong></span> 
     </span>
     <span class='ocr_line' id='line_1_35' title="bbox 258 4338 1430 4406; baseline -0.001 -15"><span class='ocrx_word' id='word_1_343' title='bbox 258 4342 372 4402; x_wconf 78' lang='lat' dir='ltr'><strong>thtling</strong></span> <span class='ocrx_word' id='word_1_344' title='bbox 389 4342 442 4390; x_wconf 88' lang='lat' dir='ltr'><strong>und</strong></span> <span class='ocrx_word' id='word_1_345' title='bbox 460 4340 559 4403; x_wconf 81' lang='lat' dir='ltr'><strong>Stallb.)</strong></span> <span class='ocrx_word' id='word_1_346' title='bbox 578 4342 645 4388; x_wconf 87' lang='lat' dir='ltr'><strong>nach</strong></span> <span class='ocrx_word' id='word_1_347' title='bbox 662 4342 711 4388; x_wconf 91' lang='lat' dir='ltr'><strong>den</strong></span> <span class='ocrx_word' id='word_1_348' title='bbox 729 4341 1046 4402; x_wconf 82' lang='lat' dir='ltr'><strong>Auseinandersetzungen</strong></span> <span class='ocrx_word' id='word_1_349' title='bbox 1065 4343 1111 4389; x_wconf 87' lang='lat' dir='ltr'><strong>des</strong></span> <span class='ocrx_word' id='word_1_350' title='bbox 1124 4343 1270 4390; x_wconf 81' lang='lat' dir='ltr'><strong>Verfassers</strong></span> <span class='ocrx_word' id='word_1_351' title='bbox 1285 4338 1430 4406; x_wconf 75' lang='lat' dir='ltr'><strong>(Wiegand)</strong></span> 
     </span>
     <span class='ocr_line' id='line_1_36' title="bbox 258 4419 1429 4485; baseline -0.003 -14"><span class='ocrx_word' id='word_1_352' title='bbox 258 4424 325 4471; x_wconf 85' lang='lat' dir='ltr'><strong>auch</strong></span> <span class='ocrx_word' id='word_1_353' title='bbox 345 4422 395 4469; x_wconf 89' lang='lat' dir='ltr'><strong>mir</strong></span> <span class='ocrx_word' id='word_1_354' title='bbox 412 4422 517 4480; x_wconf 83' lang='lat' dir='ltr'><strong>gewiss:</strong></span> <span class='ocrx_word' id='word_1_355' title='bbox 535 4422 577 4468; x_wconf 88' lang='lat' dir='ltr'><strong>ioh</strong></span> <span class='ocrx_word' id='word_1_356' title='bbox 594 4422 638 4468; x_wconf 92' lang='lat' dir='ltr'><strong>bin</strong></span> <span class='ocrx_word' id='word_1_357' title='bbox 656 4421 736 4468; x_wconf 85' lang='lat' dir='ltr'><strong>daher</strong></span> <span class='ocrx_word' id='word_1_358' title='bbox 753 4423 820 4468; x_wconf 89' lang='lat' dir='ltr'><strong>auch</strong></span> <span class='ocrx_word' id='word_1_359' title='bbox 837 4422 941 4481; x_wconf 79' lang='lat' dir='ltr'><strong>geneigt</strong></span> <span class='ocrx_word' id='word_1_360' title='bbox 958 4423 1005 4468; x_wconf 83' lang='lat'><strong>461</strong></span> <span class='ocrx_word' id='word_1_361' title='bbox 1022 4423 1041 4469; x_wconf 81' lang='lat' dir='ltr'><strong>(i</strong></span> <span class='ocrx_word' id='word_1_362' title='bbox 1059 4422 1113 4469; x_wconf 90' lang='lat' dir='ltr'><strong>und</strong></span> <span class='ocrx_word' id='word_1_363' title='bbox 1128 4422 1176 4469; x_wconf 81' lang='grc'><strong>459</strong></span> <span class='ocrx_word' id='word_1_364' title='bbox 1192 4423 1213 4468; x_wconf 81' lang='lat' dir='ltr'><strong>E</strong></span> <span class='ocrx_word' id='word_1_365' title='bbox 1231 4419 1286 4485; x_wconf 80' lang='grc' dir='ltr'><em>(τῶν</em></span> <span class='ocrx_word' id='word_1_366' title='bbox 1304 4423 1330 4469; x_wconf 80' lang='lat' dir='ltr'><strong>di</strong></span> <span class='ocrx_word' id='word_1_367' title='bbox 1347 4423 1379 4482; x_wconf 80' lang='grc' dir='ltr'><strong>μὴ</strong></span> <span class='ocrx_word' id='word_1_368' title='bbox 1396 4435 1429 4468; x_wconf 90' lang='lat' dir='ltr'><strong>se.</strong></span> 
     </span>
    </p>
   </div>
   <div class='ocr_carea' id='block_1_4' title="bbox 89 4498 1253 4730">
    <p class='ocr_par' dir='ltr' id='par_1_4' title="bbox 89 4498 1253 4730">
     <span class='ocr_line' id='line_1_37' title="bbox 126 4499 820 4569; baseline -0.006 -17"><span class='ocrx_word' id='word_1_369' title='bbox 126 4506 129 4511; x_wconf 88' lang='lat'>&#39;</span> <span class='ocrx_word' id='word_1_370' title='bbox 258 4499 357 4569; x_wconf 72' lang='grc' dir='ltr'><em>τρέφων)</em></span> <span class='ocrx_word' id='word_1_371' title='bbox 375 4501 401 4547; x_wconf 91' lang='lat' dir='ltr'><strong>in</strong></span> <span class='ocrx_word' id='word_1_372' title='bbox 418 4500 516 4549; x_wconf 87' lang='lat' dir='ltr'><strong>diesem</strong></span> <span class='ocrx_word' id='word_1_373' title='bbox 534 4502 611 4549; x_wconf 79' lang='lat' dir='ltr'><strong>Sinna</strong></span> <span class='ocrx_word' id='word_1_374' title='bbox 629 4514 662 4548; x_wconf 82' lang='lat' dir='ltr'><strong>zu</strong></span> <span class='ocrx_word' id='word_1_375' title='bbox 680 4502 820 4548; x_wconf 64' lang='lat' dir='ltr'><strong>erklarenss&#39;</strong></span> 
     </span>
     <span class='ocr_line' id='line_1_38' title="bbox 89 4498 1253 4730; baseline -0.002 -102"><span class='ocrx_word' id='word_1_376' title='bbox 89 4498 195 4730; x_wconf 68' lang='grc' dir='ltr'>Ι</span> <span class='ocrx_word' id='word_1_377' title='bbox 292 4578 311 4647; x_wconf 71' lang='lat'><strong>2)</strong></span> <span class='ocrx_word' id='word_1_378' title='bbox 330 4581 368 4628; x_wconf 78' lang='lat' dir='ltr'><strong>(if.</strong></span> <span class='ocrx_word' id='word_1_379' title='bbox 386 4585 415 4643; x_wconf 79' lang='grc' dir='ltr'><em>γῇ</em></span> <span class='ocrx_word' id='word_1_380' title='bbox 433 4583 542 4644; x_wconf 80' lang='grc' dir='ltr'><em>κρύπτων</em></span> <span class='ocrx_word' id='word_1_381' title='bbox 559 4594 599 4640; x_wconf 86' lang='lat' dir='ltr'><strong>ap.</strong></span> <span class='ocrx_word' id='word_1_382' title='bbox 617 4580 712 4628; x_wconf 90' lang='lat' dir='ltr'><strong>Herod.</strong></span> <span class='ocrx_word' id='word_1_383' title='bbox 729 4581 742 4626; x_wconf 93' lang='lat' dir='ltr'>I</span> <span class='ocrx_word' id='word_1_384' title='bbox 761 4581 808 4627; x_wconf 75' lang='lat'><strong>216</strong></span> <span class='ocrx_word' id='word_1_385' title='bbox 827 4583 854 4627; x_wconf 87' lang='lat' dir='ltr'><strong>et</strong></span> <span class='ocrx_word' id='word_1_386' title='bbox 871 4593 911 4639; x_wconf 87' lang='lat' dir='ltr'><strong>ap.</strong></span> <span class='ocrx_word' id='word_1_387' title='bbox 928 4581 1040 4639; x_wconf 80' lang='lat' dir='ltr'><strong>tragicos</strong></span> <span class='ocrx_word' id='word_1_388' title='bbox 1056 4583 1121 4644; x_wconf 86' lang='grc' dir='ltr'><em>τάφῳ</em></span> <span class='ocrx_word' id='word_1_389' title='bbox 1139 4585 1253 4645; x_wconf 74' lang='grc' dir='ltr'><em>κρύπτων.</em></span> 
     </span>
    </p>
   </div>
   <div class='ocr_carea' id='block_1_5' title="bbox 0 0 1510 5018">
    <p class='ocr_par' dir='ltr' id='par_1_5' title="bbox 0 0 1510 5018">
     <span class='ocr_line' id='line_1_39' title="bbox 0 0 1510 5018; baseline 0 0"><span class='ocrx_word' id='word_1_390' title='bbox 0 0 1510 5018; x_wconf 95' lang='lat' dir='ltr'><strong> </strong></span> 
     </span>
    </p>
   </div>
  </div>
 </body>
</html>
