3000 5018
836 296 876 356 16

267 483 322 563 ἔχει
346 484 385 557 ὥς
408 508 458 563 μοι
482 486 581 557 ὃοκεῖ;
608 481 628 556 ¹)
659 490 692 547 et
722 487 899 547 verisimile
922 488 973 545 θεῖ
996 501 1061 561 θοε,
1085 501 1186 559 quum
1211 485 1281 545 sola
1304 498 1450 558 pronun·

266 599 399 659 tiatione
419 600 593 660 discrimen
611 600 696 661 inter
716 603 887 672 utramque
907 599 1018 674 partic.
1040 599 1244 659 intercedens
1256 597 1450 672 exprimere

266 714 408 787 possent,
430 715 502 788 post
523 709 652 787 otton-m
674 713 853 773 orationem
873 712 963 771 brevi
984 727 1074 772 mora
1091 711 1320 771 intermisisse.
1339 709 1451 786 Quum

267 826 400 885 ridicule
420 827 482 886 viri
503 827 553 887 dd.
575 827 770 887 contendant
790 826 822 884 in
843 823 955 884 οὐκοῦν
972 825 1039 883 vim
1050 824 1227 897 particulae
1240 821 1298 883 οὐκ
1309 838 1452 897 prorsus

268 939 439 1000 evanidam
469 938 538 999 fleri
567 940 721 1014 potuisse,
752 940 859 1013 magis
886 953 1062 999 consonum
1088 940 1139 998 est
1161 937 1292 1010 linguae
1315 937 1451 1010 legibus

267 1051 360 1111 illurn
379 1052 511 1123 rogandi
532 1053 665 1112 modum
685 1067 741 1126 per
760 1051 886 1124 ellipsin
907 1051 1077 1126 explicare,
1093 1065 1157 1123 qua
1169 1050 1329 1111 orationis
1342 1049 1452 1124 ligura

267 1166 459 1240 saepissime
491 1166 603 1226 Graeci
633 1166 686 1224 usi
713 1166 805 1238 sunt;
830 1165 903 1224 vide
927 1180 978 1224 ex.
1003 1179 1049 1237 gr.
1074 1153 1371 1242 circumseptae
1397 1160 1453 1235 οὕς

267 1277 296 1336 τί
317 1277 394 1355 prim
416 1277 445 1336 τί
465 1277 537 1356 γάρ;
560 1269 579 1355 ἦ
602 1277 674 1357 γάρ;
697 1277 726 1336 τί
749 1274 797 1349 δέ;
821 1277 894 1338 alia.
920 1279 998 1337 Tres
1021 1277 1120 1351 igitur
1143 1279 1220 1337 sunt
1239 1273 1361 1338 οὔκουν
1381 1293 1451 1353 par·

267 1391 401 1452 ticulae:
434 1407 499 1451 una
529 1393 674 1465 negando
705 1393 850 1466 inservit,
883 1393 965 1452 duae
993 1392 1033 1451 ad
1056 1391 1323 1462 interrogandum
1352 1392 1451 1452 modo

268 1520 343 1566 cum
379 1506 481 1579 ellipsi
517 1507 631 1577 (3311)
663 1507 766 1567 3371)
798 1509 870 1575 etc.)
902 1507 996 1566 modo
1027 1505 1097 1564 sine
1128 1505 1234 1578 ellipsi
1265 1505 1335 1577 (qui
1369 1520 1452 1565 usus

217 1611 245 1676 il
268 1620 466 1692 frequentior
485 1622 545 1690 est)
565 1623 770 1694 usurpantur.
796 1613 815 1702 ΙΙ
840 1622 910 1680 Ast.
936 1620 1047 1680 Stallb.
1073 1619 1203 1692 eampo.
1225 1618 1328 1677 lenem
1351 1617 1449 1677 irrisi·

269 1748 364 1792 onem
387 1733 420 1792 in
444 1733 585 1793 Socratis
610 1733 716 1792 verbis
739 1731 774 1791 οὐ
799 1731 903 1814 ῥᾴδιον
922 1731 1054 1791 ἀπιστεῖν
1075 1735 1108 1792 θ1
1128 1729 1221 1806 σοφὸς
1242 1726 1324 1808 ἀνὴρ
1347 1730 1451 1792 latore

269 1846 416 1905 arbitrati
435 1847 521 1919 sunt,
542 1846 644 1905 immo
663 1846 808 1905 acerbam
829 1846 935 1919 potius
955 1846 1052 1920 dices,
1074 1845 1103 1903 si
1122 1844 1200 1905 illud
1221 1840 1277 1922 tyri
1297 1837 1335 1901 δὲ
1348 1841 1451 1923 ἀγνοῶ

269 1961 349 2019 bene
384 1960 570 2019 attenderis.
603 1960 701 2018 Recte
736 1960 855 2018 Kornel
886 1960 1016 2019 Fischer
1046 1959 1185 2033 (,Ueber
1217 1959 1268 2019 die
1301 1960 1450 2020 Dichter·

269 2072 385 2132 stellen
406 2073 457 2131 bei
477 2072 600 2147 Plato,’'
622 2072 739 2145 Gymn.
760 2088 862 2146 progr.
884 2071 1041 2144 Lemberg
1063 2073 1158 2140 1877)
1175 2072 1216 2132 ad
1228 2065 1450 2141 Simonidis²l

270 2186 393 2245 dictum
416 2187 551 2245 annotat
577 2186 690 2260 ,Diese
714 2184 884 2245 Definition
908 2182 950 2253 (τὸ
973 2181 1008 2242 τὰ
1031 2179 1208 2259 ὀφειλόμενα
1217 2229 1291 2242 .....
1319 2184 1452 2254 δίκαιον)
1492 2240 1494 2273 ;

269 2299 350 2359 wird
369 2314 434 2357 nun
457 2314 518 2358 von
538 2298 686 2358 Socrates
705 2299 767 2357 mit
786 2298 937 2358 bitterem
951 2298 1045 2358 Hohn
1057 2297 1234 2372 vviderlegt,
1248 2296 1451 2374 Simonides,

271 2413 331 2472 wie
361 2413 416 2470 ilrn
444 2413 513 2471 dies
535 2412 734 2484 gewdhnlich
760 2412 809 2471 bei
834 2412 925 2471 Plato
949 2412 1039 2485 trifft,
1065 2411 1126 2470 mit
1150 2411 1349 2472 besonderer
1377 2412 1452 2473 Vor-

270 2524 351 2584 liebe
383 2525 592 2597 verspottet.”
626 2523 787 2583 Vitiosum
817 2521 893 2600 ἀνὴρ
925 2524 1004 2594 (sine
1035 2523 1180 2593 articulo)
1214 2523 1329 2585 Herm.
1365 2526 1451 2586 Bait.

272 2637 401 2712 Gampb.
434 2637 493 2697 Soli
526 2640 705 2697 servarunt.
751 2670 780 2679 -
814 2636 941 2709 Corrigd
972 2635 1067 2695 nocitor
1097 2631 1293 2711 ὀφειλόμενόν
1327 2633 1363 2714 γέ
1393 2658 1452 2698 που

270 2753 327 2808 κτλ.
348 2751 524 2822 Postquam
544 2752 599 2807 ΓΕ
618 2752 693 2810 θ111θ
716 2751 792 2808 ΠΟυ
813 2751 987 2826 exciderat,
1009 2749 1113 2809 alieno
1125 2749 1194 2809 loco
1207 2749 1378 2811 insertum
1392 2754 1451 2812 est.

125 2863 188 2920 332
217 2856 247 2923 l
316 2863 495 2937 Madvigius
528 2879 584 2937 pro
619 2859 742 2922 ἀπαιτοῖ
770 2863 904 2936 requirit
935 2860 1059 2935 ἀπαιτεῖ,
1079 2855 1102 2932 ³)
1133 2877 1231 2936 quam
1263 2864 1340 2937 οδω,
1375 2865 1453 2925 licet

271 2992 385 3036 omnes
406 2977 496 3036 editt.
517 2978 705 3051 spreverint,
726 2978 894 3037 defendere
914 2992 977 3037 non
997 2977 1116 3037 dubito.
1133 2977 1281 3036 Primum
1295 2977 1452 3038 Socrates

271 3091 414 3150 oratione
438 3092 526 3149 recta
549 3091 661 3165 utitur,
686 3091 798 3150 deinde
826 3086 912 3149 intre
937 3107 1011 3151 cum
1034 3092 1178 3165 optativo
1202 3091 1233 3161 (i.
1252 3106 1280 3152 e.
1306 3093 1450 3165 quoties

271 3208 406 3276 cunque)
439 3204 532 3263 modo
563 3205 635 3263 tum
666 3204 813 3276 usurpari
845 3204 961 3277 potest,
986 3218 1086 3275 quum
1110 3204 1142 3261 in
1167 3204 1302 3276 apodosi
1324 3205 1450 3278 praedi·

272 3320 381 3377 catum
401 3318 433 3376 in
453 3316 637 3390 praeterito,
659 3321 695 3374 ut
715 3317 834 3388 dicunt,
855 3317 997 3389 positum
1018 3318 1084 3389 est;
1106 3317 1158 3376 hic
1173 3313 1321 3376 veretra
1336 3320 1451 3379 mente

213 3424 242 3489 B
266 3431 481 3505 supplendum
513 3433 572 3490 est.
602 3421 621 3512 ΙΙ
647 3428 773 3502 Optime
802 3431 872 3487 Ast.
897 3429 976 3488 Blrk.
1003 3427 1149 3488 Schneid.
1175 3429 1212 3488 V.
1237 3429 1272 3489 L.
1299 3424 1452 3505 ὀφείλεται

270 3542 302 3602 δέ
325 3547 390 3621 lyd,
416 3537 498 3619 οἶμαι
520 3545 718 3617 receperunt,
743 3543 818 3614 quia
842 3539 884 3613 δέ,
907 3556 970 3600 non
995 3537 1027 3599 δέ
1047 3562 1078 3619 γε
1099 3541 1289 3615 explicando
1308 3541 1452 3604 inservit

270 3673 329 3717 nec
359 3672 492 3716 necesse
523 3658 573 3715 est
603 3658 640 3715 ut
663 3656 741 3714 illud
764 3650 910 3728 tortiaco
934 3654 1001 3713 iam
1026 3670 1122 3728 saepe
1145 3655 1301 3715 iteratum
1328 3671 1452 3730 magna

271 3786 345 3830 cum
378 3772 410 3829 vi
441 3770 609 3842 efferatur;
642 3770 680 3828 cf.
706 3784 756 3827 θ11.
780 3782 825 3839 gr.
852 3767 954 3827 3371)
980 3765 1050 3843 ὅπερ
1072 3765 1221 3844 προσήκει.
1245 3767 1399 3846 προσήκει
1422 3765 1453 3828 δέ

223 3878 328 3945 deoc
352 3874 452 3965 111111
477 3881 652 3953 Vulgatam
675 3877 747 3938 ἀλλὰ
770 3879 798 3936 τί
820 3878 890 3950 οἱέι;
914 3877 971 3955 ἔφη
996 3881 1082 3939 recte
1105 3879 1311 3939 retinuerunt
1335 3883 1454 3953 (sensit

272 3998 359 4057 enim
390 3996 512 4055 Polem.
545 3994 711 4054 Socratem
735 3993 901 4066 paululum
926 3993 1043 4053 ironice
1067 3993 1211 4052 locutum
1236 3997 1324 4063 esse)
1351 3997 1453 4058 Belrlr.

273 4110 418 4171 Schneid.
451 4108 562 4168 Herm.
595 4106 724 4180 eampo.
757 4094 882 4179 (quide
913 4106 1020 4165 codice
1051 4106 1121 4165 Par.
1146 4107 1174 4164 A
1197 4107 1312 4166 monet
1342 4111 1454 4184 ,InA

271 4224 327 4282 the
358 4237 492 4296 persons
522 4235 606 4281 were
629 4221 664 4279 at
680 4218 758 4278 'first
789 4219 915 4278 divided
946 4219 1042 4279 with:
1073 4219 1156 4279 aiter
1184 4216 1250 4315 torp
1275 4219 1364 4282 This
1387 4239 1456 4285 was

307 4428 326 4496 ¹)
345 4433 500 4480 scholiastes
517 4432 550 4478 ad
568 4432 616 4479 lov
635 4433 654 4479 d
672 4431 766 4491 οὐκοῦν]
784 4432 834 4477 ἀντὶ
853 4437 895 4476 rod
913 4432 957 4488 οὐχ
976 4429 1053 4482 οὕτως,
1072 4428 1128 4475 καθ’
1149 4428 1278 4490 ὑπόκρισιν.

306 4508 326 4576 ²)
345 4513 438 4570 Bergk.
455 4511 482 4557 ῙῙ
499 4526 523 4571 p.
543 4513 591 4558 930
610 4507 638 4556 11⁰
656 4512 711 4557 191.

298 4586 310 4618 ³
332 4592 369 4639 Et
386 4591 468 4639 3450
486 4592 558 4638 datu
577 4605 598 4639 c.
616 4590 754 4638 indicativo
773 4589 904 4651 (dodra...
921 4582 991 4651 otto.)
1009 4590 1036 4634 et
1051 4585 1151 4634 Politio.
1170 4585 1259 4632 ooli).
