3000 5018
790 287 833 346 44

222 473 404 545 legendum.
436 474 576 533 Litterae
603 482 625 530 τ’
641 473 759 533 lineola
781 475 969 534 transversa
992 490 1088 548 super
1110 471 1306 547 praecedens
1329 471 1395 530 iota

223 587 321 646 nimis
352 587 507 660 producta
530 587 636 647 effecit
659 588 696 646 ut
718 587 868 647 librarius
891 589 953 648 sibi
976 588 1103 648 litterae
1127 608 1145 644 ν
1169 585 1395 659 compendium

223 703 269 770 λ’)
289 715 419 760 cernere
441 700 530 760 visus
550 700 603 760 sit.
623 701 661 759 In
681 700 841 774 scriptura
860 700 979 761 unciali
999 701 1062 760 litt.
1083 721 1098 757 τ
1117 713 1213 772 saepe
1233 697 1398 758 invenitur

174 808 199 876 0
222 814 343 888 scripta
362 813 409 873 sic
431 818 474 881 Ἶ.
497 804 517 895 ΙΙ
537 812 598 871 Pro
618 810 654 871 οὐ
675 811 730 891 γάρ
750 834 808 889 αα,
822 828 904 886 quae
918 813 1116 873 sententiam
1128 811 1343 886 pessumdant
1357 845 1396 853 -

224 937 300 982 nam
333 922 430 984 verba
452 923 578 1002 ἧττα...
602 922 689 1003 ἀρετὴ
713 926 745 985 iu
770 942 844 986 aere
868 941 1026 1001 suspensa
1050 927 1128 985 sunt
1154 957 1193 968 -
1216 925 1288 997 lege
1312 919 1350 982 oli
1373 921 1408 981 τί.

223 1055 270 1094 ττω
301 1038 334 1096 et
363 1039 468 1098 totum
501 1038 609 1098 locum
640 1039 686 1099 sic
717 1040 837 1100 scribe:
865 1037 938 1116 ἥτις,
960 1029 999 1115 ἣν
1022 1033 1121 1117 δ’ἐηώ,
1143 1035 1243 1097 αὐτῶν
1266 1031 1286 1112 ἡ
1311 1032 1399 1115 ίιηετὴ

165 1192 167 1196 ψ
224 1145 261 1208 od
284 1148 313 1207 τί
330 1171 377 1208 πω
399 1153 507 1222 [τοῦτο]
525 1145 545 1222 1)
566 1148 672 1229 ἐρωτῶ,
690 1146 754 1210 ἀλλ’
778 1151 804 1210 εἰ
821 1156 879 1210 κτλ.
900 1153 1079 1225 Postquam
1098 1150 1127 1209 τί
1144 1151 1178 1211 in
1194 1147 1250 1229 γὰρ
1264 1149 1398 1225 abierat,

224 1263 346 1323 librarii
366 1264 536 1324 inserendo
556 1271 641 1323 τοῦτο
660 1266 790 1325 textum
810 1265 980 1325 fulserunt.
1001 1264 1105 1338 Vulgo
1126 1263 1186 1324 viri
1204 1261 1256 1323 dd.
1276 1260 1400 1335 (camp-

224 1369 357 1444 bellio²l
392 1378 536 1450 excepto)
571 1379 644 1451 post
678 1375 785 1455 ἀρετὴν
818 1378 962 1451 cogitant
999 1376 1110 1454 ταύτην
1145 1383 1203 1436 νῦν
1237 1371 1311 1453 λέγω
1342 1378 1400 1445 (sc.

225 1486 279 1564 τὴν
310 1488 444 1566 οἰκείαν),
473 1492 507 1551 at
537 1485 628 1561 eosil
652 1492 735 1564 fugit
757 1493 830 1566 post
853 1490 1088 1566 Thrasymachi
1111 1489 1210 1551 verba
1232 1486 1401 1564 τυφλότητα

225 1599 280 1680 γὰρ
315 1605 365 1661 κτλ
400 1603 566 1664 Socratem
600 1605 661 1665 hoc
695 1620 797 1665 unum
831 1606 961 1665 tantum
997 1601 1176 1680 ,οὐδαμῶς”
1208 1600 1401 1675 respondere

226 1717 380 1791 potuisse.
415 1750 453 1760 -
487 1717 561 1777 Mox
592 1718 847 1778 Steinbriichelio
877 1717 975 1778 verba
1004 1713 1040 1775 τὰ
1070 1713 1248 1795 ἐργαζόμενα
1279 1712 1402 1784 delenti

225 1830 337 1902 utique
356 1830 656 1907 obtemperandum,
676 1831 753 1904 quia
772 1827 807 1888 τὰ
827 1827 942 1907 ὄμματα
955 1831 1138 1904 subjectum
1151 1830 1218 1902 est;
1232 1829 1403 1901 praeterea

174 1945 205 2010 l)
228 1939 422 2022 ἀπεργάσεται
445 1947 511 2018 (pro
535 1941 603 2022 ἐρμ.)
628 1944 810 2018 legendum.
835 1935 855 2027 ΙΙ
879 1945 940 2004 Pro
963 1941 1077 2020 ἐκείνης
1101 1943 1144 2013 (in
1168 1941 1292 2014 aliquot
1311 1940 1402 2002 codd.

226 2052 340 2133 ἐκείνης
363 2054 425 2115 ἴδια
448 2059 631 2128 exaratum)
654 2057 709 2117 alii
729 2059 820 2118 codd.
839 2054 953 2116 ἐκείνου
972 2057 1135 2117 exhibent.
1156 2055 1266 2115 Lectio
1285 2050 1402 2113 ἐκείνου

227 2171 441 2231 correctorum
467 2172 528 2246 est,
552 2172 587 2231 at
610 2167 723 2246 ἐκείνης
746 2170 925 2230 insiticium
945 2162 1017 2231 esse
1038 2168 1219 2243 (quodiam
1238 2167 1406 2228 instabilis

227 2285 321 2344 sedes
344 2284 461 2357 arguit)
485 2284 606 2357 optime
627 2284 806 2357 Madvigius
825 2284 996 2346 intellexit.
1019 2280 1253 2357 Thrasymachi
1272 2294 1404 2354 respon·

227 2412 301 2457 sum
325 2394 427 2456 οὐδενί
445 2393 523 2480 iiiia
542 2397 692 2471 Madvigii
712 2400 772 2457 oim
794 2397 990 2471 comprobat.
1013 2429 1052 2440 -
1074 2396 1224 2456 Fortasse
1240 2394 1405 2469 scriptura

228 2506 416 2585 ἐπιμέλεσθαι
451 2524 507 2584 pro
542 2507 742 2585 ἐπιμελεῖσθαι
776 2510 902 2571 Platoni
934 2510 1094 2570 reddenda
1124 2510 1185 2568 est.
1217 2506 1404 2568 Dindorflus

227 2624 399 2697 utramque
431 2624 571 2683 formam
601 2624 810 2698 scriptoribus
841 2623 960 2682 Atticis
990 2621 1088 2682 tribui
1114 2623 1260 2695 oportere
1282 2621 1401 2681 iudica·

178 2736 293 2807 Ebat.
325 2727 345 2818 ΙΙ
377 2736 498 2796 Omnes
523 2737 610 2796 codd.
636 2751 813 2809 omnesque
837 2736 926 2796 editt.
950 2736 1055 2805 (Aetio
1079 2735 1224 2808 excepto)
1248 2733 1405 2808 praebent

228 2846 340 2922 οὐκοῦν
363 2846 469 2927 ἀρετήν
492 2870 524 2927 με
544 2853 610 2924 (pro
638 2844 701 2925 μὲν,
729 2849 777 2908 sic
801 2849 986 2922 Stobaeus);
1014 2850 1049 2908 at
1075 2868 1107 2926 ys
1132 2862 1249 2907 sanum
1274 2862 1349 2907 esse
1373 2847 1404 2906 et

229 2962 347 3022 Stallb⁰
381 2962 490 3032 (1858)
520 2963 628 3022 visum
653 2964 713 3037 est,
738 2963 834 3023 recte.
860 2961 905 3022 df.
931 2962 1036 3022 354A
1060 2957 1132 3018 ἀλλὰ
1155 2956 1215 3036 μὴν
1240 2956 1350 3019 ίίθλιόν
1372 2979 1402 3038 με

228 3078 288 3152 κτλ,
318 3076 441 3137 Politia.
475 3076 577 3136 2873
609 3072 721 3135 οίίκονν
752 3071 811 3134 ίικό
842 3095 874 3154 γε
906 3083 975 3149 τῶν,
1002 3074 1077 3135 ibid.
1105 3074 1210 3134 299A
1238 3073 1297 3134 ult.
1321 3072 1402 3132 illud

228 3186 282 3267 μὲν
310 3190 433 3251 facilior
460 3189 555 3249 lectio
579 3192 630 3249 est
653 3204 753 3262 quam
776 3209 818 3266 με,
840 3188 926 3248 sicut
948 3189 982 3248 et
1006 3187 1108 3247 328Ε
1133 3186 1292 3248 Stobaeus
1315 3181 1402 3243 ὁποία

229 3320 285 3380 pro
315 3303 387 3363 ιτοία
419 3304 559 3364 exhibet.
590 3337 629 3347 -
654 3303 729 3363 llox
751 3318 820 3362 voc.
844 3309 943 3379 ψυχῆς
966 3300 1189 3375 interpolatori
1212 3299 1404 3373 quantocius

230 3417 437 3478 reddendum.
472 3418 641 3490 Nusquam
674 3417 709 3476 in
739 3417 766 3476 D
798 3416 831 3476 et
861 3415 886 3475 Ε
917 3413 1147 3492 (συνεχώρησαν)
1180 3414 1406 3474 concesserant

231 3531 427 3606 δικαιοσύνην
447 3546 518 3592 esse
539 3527 646 3608 ἀρετὴν
666 3536 775 3606 ψυχῆς,
794 3530 1021 3589 concesserant
1041 3527 1270 3586 tantummodo
1286 3518 1320 3586 1⁰
1332 3517 1408 3585 εἷναί

230 3666 257 3703 τι
279 3641 366 3722 ἔργον
389 3651 487 3721 ψυχῆς
513 3636 547 3702 2⁰
570 3635 649 3702 εἷναί
666 3664 731 3700 τινα
751 3638 858 3720 ἀρετὴν
878 3648 986 3717 ψυχῆς,
1005 3642 1040 3700 at
1061 3655 1222 3713 quaenam
1243 3638 1306 3710 (τίς)
1320 3641 1407 3700 assat

230 3758 287 3818 illa
310 3765 408 3835 ψυχῆς
431 3753 518 3834 ἀρετή
542 3779 584 3826 τις
608 3771 648 3816 ne
672 3756 905 3829 indagaveraut
928 3755 1058 3826 quidem
1083 3754 1257 3824 (sicutnec
1276 3749 1406 3827 τὴντῶν

231 3865 370 3947 ὀμμάτων
404 3867 511 3947 ἀρετὴν
546 3885 605 3929 nec
639 3865 693 3943 τὴν
716 3876 785 3929 ,τῶν
818 3866 900 3926 ὤτων
931 3864 1038 3944 ἀρετὴν
1070 3865 1280 3936 definierant).
1312 3865 1407 3926 Nullo

230 3983 328 4056 igitur
349 3982 444 4043 modo
464 3982 613 4042 Socrates
633 3980 738 4041 dicare
751 3981 858 4055 potest
872 3977 985 4038 οὐκοῦν
998 3976 1105 4056 ἀρετήν
1117 3999 1149 4057 γε
1161 3977 1407 4057 συνεχωρήσαμεν

266 4261 285 4326 1)
308 4264 427 4310 Fortasse
449 4269 518 4309 τοῦτο
542 4261 675 4308 ferendum
701 4263 749 4315 eat,
771 4261 803 4306 cf.
822 4261 909 4308 4771)
926 4260 973 4307 ult.
992 4263 1120 4319 ἐπιστήμην
1137 4260 1312 4322 πίνερνν.....
1331 4259 1408 4318 αὐτὴν,

232 4343 277 4390 ubi
293 4343 366 4402 αὐτὴν
382 4354 487 4401 prorsus
506 4340 628 4388 abundat.

265 4417 286 4480 2λ
309 4421 420 4480 Gamph:
447 4422 511 4480 „Say
534 4419 628 4476 rather,
653 4419 781 4466 whatever
804 4418 871 4465 their
888 4417 978 4463 'virtue
1002 4416 1032 4474 is,
1055 4417 1094 4463 ior
1115 4416 1128 4462 I
1146 4416 1274 4463 havenet
1292 4417 1407 4464 comete

232 4500 289 4547 that
306 4500 424 4560 question
442 4495 509 4558 yet.”

265 4574 286 4645 ³)
303 4577 423 4628 Wohlrah
440 4577 518 4624 vertit
537 4589 603 4633 „was
620 4589 667 4623 nur
685 4576 784 4623 immet-⁴
795 4575 851 4621 ihre
868 4572 1003 4634 Fiihigkeit
1020 4574 1079 4631 ist'',
1097 4572 1166 4633 quod
1185 4572 1249 4619 nihil
1267 4573 1314 4620 est.
