3000 5018
707 266 768 326 147

150 450 258 512 816111).
281 447 404 529 (1858),
426 453 531 529 inepte,
552 468 631 514 nam
650 453 793 527 primum
811 468 875 513 non
895 451 928 512 ιδ
948 452 1024 530 δῆλα
1036 447 1111 514 εἶναι
1125 459 1177 517 661
1191 454 1320 537 ἀπρεπές

147 585 171 622 τι
201 561 254 642 (cf.
286 565 320 624 in
350 564 370 642 ξ
401 566 444 626 in.
477 560 518 624 δι’
545 562 709 645 ἀπρέπειαν
732 561 832 642 ὀκνῶ),
857 567 914 627 sed
937 566 970 627 τὸ
994 567 1075 628 δειλὰ
1098 563 1183 647 εἶναι,
1207 572 1320 632 deindo

147 694 201 752 per
230 676 451 739 ιε-ναὶ-καὶ
482 694 611 754 semper
638 680 876 753 coniunguntur
899 696 951 740 res
975 682 1121 743 eiusdem
1144 685 1282 760 generis,
1299 679 1319 756 ¹)

147 793 257 864 itaque
280 793 319 853 ob
342 793 424 853 duas
447 808 563 853 causas
588 793 663 869 δῆλα
687 794 760 853 hinc
784 793 927 854 alienum
951 797 1011 856 661.
1037 797 1097 857 Pro
1121 795 1202 856 δειλὰ
1222 799 1319 858 Β616-

103 898 117 947 ³
148 905 253 966 dictus
285 905 382 979 (prob.
413 905 577 965 Herwerd.
607 905 669 966 lin.
698 906 792 976 1891)
820 905 1076 968 61166616661.
1102 907 1202 968 δοῦλοί.
1227 902 1320 993 ΙΙΑᾱ

103 1117 365 1208 Βάπηλλάξονται
384 1130 539 1205 probante
558 1131 697 1207 Baitom,
718 1131 758 1191 of.
779 1131 811 1191 in
833 1129 852 1207 ἐ
874 1131 897 1191 O
918 1129 1136 1212 ἀπηλλαγμένοι
1156 1130 1194 1193 διν
1210 1129 1275 1195 εἷεν.
1296 1127 1316 1220 ΙΙ

150 1017 224 1096 δῆλα
248 1019 358 1078 mente
378 1017 490 1092 supple
510 1015 554 1077 ὅτι
572 1025 664 1076 ταῦτα
684 1017 777 1089 οὕτως
797 1015 861 1095 ἔχει.
882 1019 955 1079 Mox
975 1021 1062 1081 recte
1080 1021 1219 1082 (lobetus
1239 1038 1319 1084 corr.

148 1247 225 1307 Post
248 1245 352 1315 ζῶντες
374 1246 468 1319 pauci
491 1245 579 1306 codd.
605 1247 637 1305 et
661 1246 819 1306 Stobaeus
841 1247 1186 1310 6011111111811111)0
1208 1248 1320 1330 (1829)

148 1361 311 1435 probante,
343 1359 535 1435 rectissime,
568 1360 631 1419 etsi
662 1361 743 1419 mihi
772 1362 882 1434 gravis
911 1363 1051 1436 suspicio
1081 1365 1194 1426 incidit
1224 1367 1322 1427 verba

148 1481 243 1551 ταφῆς
262 1471 345 1546 ἀξίας
365 1470 515 1551 μετέχουσι
535 1474 774 1547 interpolatoris
795 1489 878 1550 6666,
899 1476 983 1547 quod
1002 1475 1174 1538 Glauconis
1194 1495 1320 1554 respon·

149 1603 221 1648 sum
251 1584 302 1645 καὶ
333 1585 411 1663 μάλα
442 1583 518 1644 καλὰ
548 1582 605 1662 (sc.
637 1583 718 1665 γέρα)
749 1587 986 1660 quodammodo
1018 1588 1208 1652 confirmare
1241 1593 1322 1652 mihi

149 1702 284 1761 videtur.
308 1700 381 1760 Vox
399 1696 485 1779 γε’ρας
505 1699 577 1760 6011.
598 1701 663 1759 414
675 1701 714 1776 Α,
736 1701 831 1773 legg.
853 1701 954 1761 94711
975 1703 1075 1763 etiam
1095 1705 1134 1764 de
1154 1706 1321 1780 sepultura

149 1814 286 1874 solemni
308 1815 493 1888 usurpatur.
1180 1837 1184 1846 ¹

103 1911 128 1978 1
191 1928 250 1987 vas
280 1928 342 1986 LL
373 1931 509 2003 ποιοῖμεν
540 1960 581 1967 —-
607 1924 792 2002 σκεψοίμεθα
815 1959 848 1967 —
883 1931 1019 2004 ποιοῖμεν
1042 1930 1216 2003 probarunt
1239 1934 1319 1995 Bkk.

148 2041 276 2114 iladvig
298 2042 407 2100 Baiter
436 2040 577 2115 oampb„
605 2041 796 2102 rectissime.
826 2042 899 2101 Mox
921 2041 1123 2116 Hirschigius
1144 2041 1203 2121 (ed.
1225 2046 1318 2120 Gorg.

150 2154 247 2233 1873)
276 2157 347 2216 iure
378 2156 518 2216 correxit
550 2155 580 2214 ot
610 2153 675 2227 ἕξον
699 2172 755 2230 pro
779 2148 823 2226 οἷς
846 2153 923 2233 ἕξον,
948 2159 1133 2219 attractioni
1157 2161 1245 2220 enim
1268 2161 1320 2220 hic

147 2270 257 2329 nullus
276 2270 376 2330 locus.
401 2271 438 2329 In
462 2271 480 2339 8
499 2269 557 2330 111.
582 2269 805 2343 corrigendum
829 2269 1045 2331 66166οπολδ
1069 2271 1197 2333 καλλίων
1219 2295 1248 2333 τε
1270 2272 1320 2333 καῖ

103 2369 288 2459 Βάμείνων.
320 2373 340 2464 1)
373 2384 432 2443 Pro
460 2381 509 2441 διὰ
532 2383 662 2459 δύναμιν
685 2383 864 2456 Madvigius
888 2384 926 2443 ci.
952 2383 1102 2462 διαδῦναι,
1124 2387 1220 2463 male,
1245 2404 1319 2448 cum

148 2495 329 2555 διαδύεσθαι
362 2496 428 2556 1616
463 2495 622 2568 significet
659 2496 764 2572 „clam
798 2512 833 2557 se
868 2498 1067 2558 subducere''
1103 2495 1155 2576 (ci.
1191 2516 1241 2561 ex.
1272 2515 1318 2573 gr.

148 2610 257 2684 Lysid.
291 2609 397 2670 216D
421 2608 615 2668 διολισθαίνει
638 2607 688 2668 καὶ
713 2609 865 2670 διαδύεται
887 2606 975 2687 ἡμᾶς,
994 2611 1161 2672 Demosth.
1186 2612 1225 2672 do
1250 2612 1318 2672 Gor.

149 2723 168 2799 ξ
195 2727 268 2800 133,
293 2722 368 2802 6116)
393 2739 453 2784 166
473 2724 605 2796 vulgata
625 2725 789 2800 mendosa,
809 2740 887 2784 nam
907 2725 1043 2797 quisque
1063 2723 1160 2800 φύλαξ
1181 2725 1320 2797 quadarn

150 2836 274 2914 δυνάμει
298 2838 463 2912 praeditus
486 2837 547 2912 661,
571 2839 685 2910 quasi
709 2837 853 2897 abutitur
877 2835 928 2914 (cf.
955 2839 1019 2897 434
1032 2836 1070 2914 Β)
1095 2838 1262 2898 civitatem
1286 2840 1320 2898 in

148 2950 327 3024 periculum
352 2950 490 3011 adducit.
514 2947 572 3009 Διὰ
597 2949 726 3025 δύναμιν
749 2949 859 3022 itaque
878 2948 1039 3022 significat
1063 2950 1121 3024 „ob
1141 2952 1320 3024 potentiam

103 3052 108 3106 ³
149 3081 175 3126 6.
195 3065 340 3139 potentia
360 3081 419 3124 sua
440 3066 574 3124 116116.”
595 3054 615 3145 ΙΙ
635 3062 727 3122 Astis
747 3058 798 3120 καὶ
817 3064 892 3122 ante
911 3061 1029 3121 παίδων
1049 3063 1170 3124 delenti
1189 3081 1320 3139 prorsus

148 3180 308 3240 assentior
320 3195 360 3239 ne
373 3179 541 3237 Platonem
554 3177 764 3251 ineptiantem
777 3176 946 3236 faciamus.
962 3177 1057 3250 Fugit
1070 3177 1157 3236 enim
1170 3178 1319 3254 editores,

149 3293 176 3352 si
199 3289 249 3350 καὶ
271 3293 429 3367 servetur,
449 3292 523 3351 tum
542 3286 608 3367 πέρι
627 3288 810 3349 1666666110
831 3285 920 3364 (nam
940 3309 969 3346 ιε
989 3284 1055 3365 πέρι
1067 3286 1172 3347 -καὶ
1192 3305 1322 3364 semper

149 3405 237 3466 valet
268 3405 353 3463 idem
385 3420 422 3465 ac
452 3402 522 3482 περί
550 3394 695 3461 ιε-παὶ
718 3399 798 3478 περί)
822 3401 922 3461 etiam
946 3400 986 3460 ad
1010 3400 1127 3460 παίδων
1149 3403 1320 3480 pertinere,
1348 3453 1350 3456 .

147 3519 257 3591 itaque
289 3517 458 3579 Platonem
481 3515 780 3577 (1166116111661666
803 3512 964 3572 κοινωνίαν
989 3514 1185 3576 intercedere
1209 3518 1320 3578 mulie·

148 3633 237 3692 ribus
261 3647 335 3692 oum
356 3632 435 3691 viris
454 3627 520 3707 περὶ
540 3636 591 3688 τοῦ
611 3626 774 3702 παιδεύειν,
793 3633 846 3685 τοῦ
864 3625 1062 3703 παιδοποιεῖν,
1081 3635 1134 3687 τοῦ
1155 3628 1322 3707 φυλάττειν,

149 3747 241 3817 quasi
260 3760 404 3816 unquam
424 3741 527 3813 παῖδες
548 3742 635 3815 gigni
654 3740 780 3815 possint
799 3740 868 3799 sine
885 3740 1319 3826 111116116611111ιιοινωνίαι

153 3859 289 3918 Prorsus
319 3858 451 3917 ridicule
481 3857 648 3931 praeterea
678 3854 751 3926 post
773 3850 839 3930 περὶ
861 3852 998 3923 παιδείας
1022 3857 1201 3927 sequuntur
1224 3857 1322 3917 verba

149 3967 215 4048 περὶ
245 3970 373 4047 παίδων,
402 3972 559 4054 tanquam
590 3966 707 4040 aliquis
731 3967 769 4026 de
793 3967 981 4027 educatione
1004 3967 1094 4040 prius
1122 3968 1321 4029 mentionem

150 4083 295 4144 facturus
326 4085 369 4143 611
393 4083 552 4156 quamde
575 4081 805 4155 procreatione.
831 4081 998 4140 Postremo
1024 4080 1121 4139 verba
1144 4088 1202 4138 τῶν
1226 4076 1322 4140 ἄλλων

150 4201 296 4268 (πολιτῶν)
330 4198 376 4258 616
406 4197 538 4258 demum
570 4196 719 4256 idoneam
752 4194 1001 4268 explicationem
1032 4189 1321 4271 nanciscunturml

149 4311 265 4370 παίδων
295 4312 382 4372 enim
413 4308 533 4369 παιδεία
564 4324 639 4383 pars
671 4310 722 4369 081
745 4315 796 4384 τῆς
819 4315 877 4365 τῶν
900 4310 1028 4366 πολιτῶν
1051 4309 1195 4384 φυλακῆς.
1219 4307 1323 4368 Loous

184 4554 202 4616 l)
220 4557 259 4604 01.
277 4570 300 4603 v.
319 4569 340 4603 c.
359 4557 436 4615 Hipp.
455 4555 516 4614 Mai.
535 4556 628 4612 19111,
646 4553 856 4610 3040610116
876 4552 993 4611 exempla
1012 4553 1044 4598 cd
1063 4553 1110 4599 319
1126 4553 1146 4599 A
1164 4552 1315 4611 collegimus
