3000 5018
623 289 665 347 39

54 469 131 542 εἰκός
161 467 185 549 γ’
212 487 233 532 a
262 488 306 533 m.
338 488 364 533 s.
396 469 509 534 οὔκουν
538 475 713 549 scriptum;
746 476 846 536 etiam
878 479 942 538 435
975 477 998 539 (l
1029 481 1061 538 et
1095 481 1157 541 451
1191 480 1229 552 A,

54 584 108 647 ubi
130 585 166 645 in
189 585 322 660 optimis
345 586 434 647 codd.
459 587 655 659 negligentia
678 588 882 649 librariorum
905 587 961 648 οὐκ
985 592 1115 666 excidit,
1136 593 1232 653 multi

53 696 145 759 editt
170 698 361 773 scriptorem
386 699 488 760 ironia
511 714 608 760 usum
632 715 705 761 esse
728 701 865 761 absurde
885 703 1043 775 suspicati
1067 706 1164 773 sunt).
1189 737 1230 748 -

17 866 21 873 .
54 810 130 871 Mox
160 810 313 873 meliores
343 812 468 873 codices
498 816 572 886 poet
598 809 700 889 ἐπειδὴ
724 829 792 875 voc.
815 834 848 892 ys
871 815 1061 875 omittentes
1083 816 1143 887 (sic
1170 815 1230 875 edi·

52 926 144 987 tores
172 938 310 999 ‚quoque
350 929 475 997 omnes)
517 926 710 988 deserendos
751 941 877 1001 censeo,
917 927 993 999 quia
1025 928 1100 1001 post
1133 925 1233 1005 ἔγωγε,

13 1024 134 1108 )εἰκσ’ς
162 1030 200 1116 γ’,
222 1036 314 1114 δῆλον
336 1035 381 1096 ὅτι
402 1059 445 1116 γε,
473 1035 525 1097 καὶ
547 1038 629 1099 πάνυ
651 1061 684 1118 γε
706 1040 898 1114 saepissime
921 1061 953 1118 γε
977 1041 1123 1101 iteratur.
1149 1032 1169 1124 ΙΙ
1193 1041 1231 1103 In

52 1150 126 1211 Par.
157 1150 187 1210 Α
219 1150 317 1211 verta
345 1148 384 1209 σὺ
415 1145 448 1209 el
477 1150 532 1211 οἴει
542 1197 632 1211 ......
641 1149 735 1231 λέγειν
766 1153 889 1213 Socrati
920 1153 1043 1214 tributa
1066 1156 1144 1214 sunt
1166 1168 1230 1215 uno

52 1263 183 1324 Baitero
213 1263 378 1339 probante,
410 1267 504 1326 recte:
536 1266 637 1326 ceteri
667 1267 752 1326 enim
787 1267 876 1327 editt.
913 1281 976 1328 non
999 1267 1232 1329 intellexerunt

52 1376 335 1451 Thrasymachum
366 1376 433 1437 illie
457 1377 564 1437 verbis
587 1375 635 1447 (oh
659 1373 691 1436 dl
714 1381 774 1448 κτλ)
798 1395 818 1439 a
842 1379 974 1441 Socrate
997 1381 1229 1454 reprehensum

52 1490 141 1564 quod
172 1505 194 1551 a
222 1490 384 1565 proposito
426 1489 532 1551 aliena
566 1491 801 1565 respondisset;
837 1493 1029 1566 respondere
1064 1493 1230 1566 sophisten

52 1604 240 1679 oportuerat
269 1602 411 1663 derodere
446 1604 499 1665 vel
529 1602 610 1662 πάνυ
639 1623 681 1681 γε,
711 1603 797 1664 sieut
819 1605 903 1665 infra
934 1601 1018 1674 (ἀλλὰ
1039 1603 1121 1665 πάνυ
1152 1603 1230 1665 οὕτω

52 1714 170 1792 τίθημι)
198 1716 331 1777 tandem
363 1715 536 1789 aliquando
566 1716 643 1777 fecit
674 1716 792 1785 (verbis
818 1715 846 1775 εἰ
867 1713 899 1775 ἐν
922 1713 1026 1794 ἀρετῆς
1047 1713 1098 1775 τοι)
1121 1718 1229 1794 σοφίας

52 1826 143 1905 τίθης
163 1823 244 1906 μέρει
264 1831 316 1887 κτλ
339 1828 488 1890 Socratas
510 1829 608 1889 iterat
626 1830 668 1904 id,
688 1830 771 1903 quod
792 1843 890 1902 supra
908 1831 1038 1901 rogarat
1055 1820 1230 1908 ἧφρόνιμοι

54 1938 104 2001 eal
137 1932 251 2020 dyodet
283 1940 313 2001 ot
345 1938 483 2013 dham).
518 1942 675 2002 Similiter
709 1943 772 2002 849
804 1942 831 2001 Β
865 1945 909 2012 (ολ
945 1944 1009 2002 353
1042 1941 1075 2013 (λ)
1109 1944 1229 2003 iterum

57 2054 206 2117 Socrates
235 2055 364 2117 ictuum
394 2056 559 2116 hominem
590 2055 751 2129 increpat:
784 2050 841 2113 ἀλλ’
869 2052 905 2114 od
928 2062 1026 2131 τοῦτο,
1046 2046 1086 2132 ἦν
1109 2051 1136 2115 d'
1164 2053 1230 2135 ἐγώ,

55 2163 162 2246 hurd,
190 2162 248 2227 dtr
274 2166 302 2228 εἰ
322 2171 381 2227 κτλ.
410 2202 450 2211 -
481 2168 542 2230 Pro
572 2167 732 2246 βαλλάντια
762 2169 824 2229 Ast
846 2168 957 2229 Herm.
983 2167 1094 2229 Stallb.
1119 2169 1228 2240 (1858)

55 2279 199 2357 βαλάντια
240 2281 394 2357 scribunt,
437 2283 520 2354 quod
555 2281 765 2356 probandum,
799 2281 876 2344 licet
909 2283 994 2356 apud
1028 2285 1141 2356 poetae
1177 2283 1229 2343 hic

54 2394 119 2457 illic
143 2408 213 2455 roc.
237 2410 264 2457 c.
295 2409 359 2455 uno
381 2397 397 2452 λ
420 2398 578 2454 occurrat.
610 2395 651 2454 Et
680 2394 815 2454 Dindorf
842 2395 1037 2469 scripturam
1067 2395 1227 2473 βαλάντιον

51 2508 211 2581 probarit.
242 2508 363 2569 Eadem
389 2508 514 2569 ratione
537 2508 637 2568 etiam
661 2506 891 2584 βαλοντιοτόμος
914 2509 1129 2569 scribendum.
1154 2509 1228 2570 Mox

9 2613 125 2697 Eleae
153 2620 252 2698 νυνδή
281 2622 313 2691 (l.
337 2638 365 2683 e.
395 2617 480 2699 dora).
506 2613 526 2705 Ι)
549 2621 624 2682 Voo.
656 2619 845 2699 στερεώτερον
880 2621 1032 2696 „durius”
1068 2623 1229 2695 „tractatu

47 2734 238 2798 difficilius”
269 2736 332 2795 Ast
361 2712 394 2796 et
418 2735 592 2799 Schneider
615 2736 792 2810 verterunt,
815 2737 850 2795 at
872 2735 994 2795 rectius
1020 2733 1151 2807 eampo.
1177 2750 1229 2795 ex·

45 2849 180 2925 posuit:
207 2863 300 2923 ,now
320 2864 385 2922 you
409 2864 464 2908 are
483 2864 523 2910 on
545 2864 634 2909 more
653 2848 849 2908 substantial
869 2849 1024 2921 ground.”
1045 2847 1128 2907 Dicit
1141 2847 1230 2907 enim

48 2962 204 3023 Socrates
239 2961 338 3037 „Non
354 2963 496 3037 amplius
519 2965 556 3022 ut
579 2963 674 3023 modo
697 2960 742 3031 (οἵ
759 2982 792 3041 γε
815 2957 917 3032 τελέως
940 2964 1001 3031 κτλ)
1023 2960 1230 3035 a'proposito

51 3074 225 3150 aberrasti,
248 3076 305 3135 sed
323 3045 450 3134 certum
474 3077 506 3134 et
526 3074 697 3135 definitum
720 3089 912 3149 responsum
936 3074 1085 3134 dedisti.”

8 3214 26 3255 r
99 3187 176 3249 Voc.
209 3188 414 3264 σκοπούμενον
445 3189 527 3248 mihi
558 3188 706 3262 spurium
732 3203 805 3248 esse
829 3188 957 3247 videtur
980 3184 1158 3258 (ἐπεξελθεῖν
1182 3186 1233 3245 est

53 3303 214 3376 inquirere
248 3318 276 3363 s.
310 3306 504 3373 σκοτεῖσθοις
545 3311 584 3383 τῷ
626 3300 702 3385 λόγῳ
738 3304 789 3362 est
822 3300 1045 3374 deputatione).
1083 3332 1122 3342 —
1159 3297 1234 3357 Mox

55 3415 98 3477 H.
121 3414 213 3476 Woli
224 3406 247 3485 ¹)
278 3413 374 3491 (vixit
404 3416 444 3476 ab
476 3431 561 3476 anno
595 3417 681 3476 1516
713 3429 815 3486 usque
846 3414 886 3472 ed
912 3413 1007 3481 1580)
1031 3412 1069 3472 ci.
1094 3407 1234 3487 περὶτῆς

56 3526 185 3606 ἀδικίας,
208 3529 292 3602 quod
316 3529 492 3589 admodum
516 3528 622 3602 friget.
643 3527 880 3588 Herwerdenus
904 3525 977 3595 (lin.
1007 3524 1102 3593 1883)
1123 3527 1234 3591 autem

57 3643 282 3719 corrigendum
313 3645 440 3704 consuit
471 3640 519 3702 ἐπὶ
542 3650 592 3719 τῆς
624 3638 767 3717 ἀληθείας
791 3641 811 3701 i.
837 3656 864 3700 e.
887 3655 963 3700 vere.
989 3641 1032 3699 At
1055 3638 1144 3698 nulle
1167 3653 1234 3699 mu·

58 3757 182 3821 udone
205 3772 286 3831 opus
311 3758 371 3831 eet,
395 3757 491 3817 modo
513 3756 689 3828 coniungas
712 3751 747 3812 τὰ
766 3750 833 3831 περὶ
854 3760 905 3829 τῆς
925 3749 1069 3828 ἀληθείας
1088 3751 1237 3811 δοκοῦντα

6 3887 33 3955 B
56 3871 79 3933 l.
103 3885 132 3932 e.
157 3872 357 3932 seutentiam
380 3873 471 3931 tuam
497 3871 536 3929 de
561 3884 637 3928 vera
660 3868 789 3928 illarum
815 3867 940 3927 ratione
962 3865 1113 3939 proferre.
1128 3856 1147 3947 ΙΙ
1161 3865 1238 3925 Dete

55 3998 158 4059 prave
191 3984 311 4044 iterata
346 3983 442 4043 verba
472 3977 510 4041 dv
541 3977 642 4058 ἡγοῖτο
675 3979 799 4041 δίκαιον.
830 3978 983 4039 Nonnulli
1005 3979 1094 4039 codd.
1123 3977 1239 4037 δίκαιον

63 4183 285 4193 ..---

94 4321 114 4383 ¹)
130 4325 163 4373 H.
181 4324 264 4375 weldi
285 4325 312 4370 in
334 4324 469 4371 viritatem
494 4323 687 4371 emendationes
709 4324 791 4370 edidit
813 4325 840 4370 Δ.
859 4322 1008 4370 Gennadius
1029 4318 1132 4383 (Philet.
1153 4317 1236 4377 1⁸55).

56 4404 156 4455 areum
170 4402 203 4451 de
217 4404 329 4450 Isocrate
345 4405 371 4448 et
386 4403 559 4449 Demosthene
576 4403 670 4448 meruit
684 4402 728 4448 ille
743 4402 847 4449 Wolflns
862 4414 939 4460 qnam
956 4401 987 4447 de
1000 4398 1115 4453 Platone,
1126 4395 1242 4462 reinolt)

56 4484 206 4534 Axioohum
230 4480 383 4529 emendavit.
406 4475 554 4527 Gennadius
579 4481 676 4526 inscius
698 4477 792 4526 multas
810 4481 837 4526 V.
856 4480 885 4526 V.
908 4480 936 4525 L.
956 4479 993 4535 L..
1013 4490 1077 4536 quas
1094 4478 1199 4523 Wolflus
1216 4477 1242 4522 in

56 4561 204 4623 exemplari
222 4572 270 4607 suo
288 4563 461 4617 annotaverat,
479 4574 526 4621 pro
545 4560 698 4607 coniecturis
716 4559 813 4605 habuit.
