3000 5018
730 272 749 330 5

149 457 346 531 provenisse,
379 456 435 515 sed
466 456 565 515 etiam
590 472 631 514 ex
655 456 840 515 Aristotelis
865 456 1103 516 Platonicorum
1127 457 1321 530 scriptorum

150 569 328 643 exemplari
359 569 556 642 descriptum
584 584 657 628 esse
683 570 855 629 contendit.
881 569 1023 628 Priorem
1048 569 1231 642 opinionem
1254 570 1321 629 iam

151 682 327 742 Schanzius
344 682 494 751 (Hermes
517 681 612 749 1881)
632 682 818 756 protulerat,
840 681 915 754 quia
934 681 1075 741 Galenus
1094 697 1129 741 se
1150 682 1320 742 Timaeum

150 796 183 855 in
216 797 381 876 Ἀττιιιανῷ
411 794 529 867 legisse
560 799 680 870 narrat,
717 810 774 868 ego
810 795 921 854 autem
953 809 1009 854 cur
1047 795 1226 868 improbem
1257 810 1320 856 non
1356 879 1358 883 Ι

150 909 268 981 habe0;
301 907 403 967 altera
434 923 509 966 vero
539 922 603 966 non
633 909 757 969 temere
783 909 946 981 probanda
969 908 1020 967 est
1043 909 1076 967 et
1097 909 1205 982 potius
1228 907 1320 967 credo

149 1022 189 1092 (si
219 1021 327 1080 Attico
358 1034 471 1080 revera
501 1020 687 1080 Aristotelis
718 1020 929 1080 bibliothecae
961 1021 1051 1093 copia
1081 1020 1152 1088 fuit)
1183 1021 1319 1080 Alexan·

148 1135 275 1193 drinam
298 1133 472 1192 editionem
496 1132 711 1205 Tyrannionis
735 1148 831 1206 opera
851 1149 893 1192 ex
912 1133 1098 1193 Aristotelis
1118 1134 1319 1208 apographis,

146 1263 229 1319 quae
249 1246 318 1304 sine
339 1245 433 1305 dnbio
454 1245 584 1304 madore
604 1259 667 1305 non
689 1246 797 1305 minus
818 1247 967 1321 corrupta
987 1248 1080 1306 erant
1100 1262 1197 1319 quam
1217 1246 1320 1320 ipsius

147 1359 319 1432 stagiritae
343 1359 472 1432 scripta,
497 1361 675 1418 correctam
702 1359 832 1418 tantum
856 1374 929 1420 esse
954 1361 1160 1432 veteremque
1184 1359 1320 1420 Politian

146 1475 179 1533 in
210 1474 241 1532 X
271 1473 369 1531 libros
403 1471 605 1547 divisionem,
638 1487 701 1544 qua
730 1473 916 1533 Aristotelis
948 1475 1131 1548 apographa
1165 1473 1319 1532 nimirum

149 1589 310 1662 carebant,
334 1586 374 1645 ab
397 1585 506 1644 Attico
527 1585 686 1644 intactam
708 1586 856 1646 relictam
880 1603 962 1648 esse.

193 1703 230 1761 In
261 1701 382 1759 maiore
412 1699 558 1758 codicum
581 1700 672 1772 parte
696 1700 814 1772 singuli
837 1701 909 1760 libri
933 1699 1014 1780 λόγοι
1037 1703 1194 1760 vocantur
1216 1715 1319 1772 neque

149 1815 242 1875 aliter
265 1814 298 1873 in
322 1812 460 1872 editione
482 1811 615 1870 Aldina:
640 1813 802 1870 Πολιτετῶν
825 1820 947 1889 πρῶτος.
968 1814 1013 1872 At
1032 1814 1066 1872 in
1085 1813 1219 1886 reliquis
1238 1812 1318 1873 codi-

147 1930 237 1990 cibus
259 1928 399 2000 legimus
422 1927 479 1986 aut
498 1924 659 1996 Πλάτωνος
678 1929 832 1985 πολιτειῶν
856 1911 885 1985 2
908 1929 965 1987 aut
984 1926 1145 1997 Πλάτωνος
1164 1930 1319 1985 πολιτειῶν

147 2041 257 2118 πρώτη,
284 2041 324 2100 ad
348 2042 432 2112 quod
459 2037 559 2118 πρώτη
582 2042 693 2099 utrum
718 2039 820 2118 βίβλος
843 2055 885 2100 an
908 2040 1038 2100 πολιτεία
1062 2042 1318 2102 subaudiendum

148 2157 192 2215 sit
222 2152 343 2225 ambigi
373 2154 489 2225 potest.
523 2151 629 2211 Codex
660 2153 826 2213 Parisinus
856 2155 885 2212 A
915 2154 1157 2228 inscriptionem
1188 2155 1319 2214 exhibet

147 2271 283 2329 hancce:
317 2269 476 2324 Πολιτεῖαι.
508 2249 547 2340 ἷί,
577 2265 632 2337 qui
667 2280 823 2325 numerus
853 2266 974 2326 indicat
1006 2267 1149 2341 primum
1184 2267 1318 2328 Politice

148 2386 266 2444 librum
309 2396 381 2441 esse
419 2379 583 2452 dialogum
618 2379 824 2451 trigesimum
855 2380 956 2439 totius
990 2381 1131 2454 corporis
1165 2378 1318 2457 (σώματος)

149 2497 293 2557 Platonis
317 2493 520 2566 scriptorum,
545 2506 710 2564 quumque
732 2491 766 2550 in
789 2493 953 2552 nonnullis
977 2493 1139 2553 codicibus
1161 2494 1195 2553 in
1218 2493 1319 2554 Mene·

148 2610 225 2671 xeni
247 2608 310 2668 fine
334 2607 432 2665 verba
454 2600 533 2673 τέλος
557 2610 610 2662 τοῦ
633 2602 751 2682 πρώτου
771 2603 889 2683 βιβλίου
909 2607 1118 2681 reperiantur,
1139 2607 1218 2667 illud
1238 2614 1322 2684 σῶμα

149 2725 182 2783 in
213 2723 274 2782 duo
305 2717 413 2795 τόμους
447 2717 589 2777 divisum
624 2717 725 2777 fuisse
756 2719 929 2779 manifesto
959 2720 1058 2793 patet.
1091 2721 1128 2779 In
1159 2719 1282 2781 Veneto
1313 2719 1323 2780 t

150 2836 295 2911 (append.
319 2836 347 2893 1.
368 2833 398 2901 4)
421 2831 572 2890 similiter
584 2831 711 2904 praeter
724 2832 822 2890 verba
834 2831 989 2903 Πολιτείας
1003 2846 1021 2889 a
1034 2833 1151 2905 legitur
1162 2834 1272 2894 littera
1285 2836 1323 2890 A.
