3000 5018
784 260 825 319 48

238 449 375 509 Baitero.
407 450 473 523 Ego
506 447 544 527 (c.
570 450 717 511 Schneid.
743 449 901 510 Sohmelz.
928 446 1076 525 damph.)
1106 466 1144 510 ea
1168 451 1293 511 servari
1316 451 1410 511 velim

238 563 366 636 propter
396 563 494 622 verba
524 563 557 621 in
581 562 607 621 D
639 559 758 620 ἀδικίαν
788 556 842 638 μὲν
873 557 1028 640 ψέγοντος,
1056 562 1254 640 δικαιοσύνην
1278 559 1311 622 δὲ
1334 561 1412 622 ἐκαι-

238 682 372 751 νούνιος,
408 691 490 749 quae
523 678 727 750 opponuntur
760 676 849 735 hisce
885 674 1061 750 δικαιοσύνη
1093 670 1223 753 ψέγεται,
1254 672 1355 735 ἀδικία
1384 671 1409 735 δ’

183 781 404 847 Βέκαινεῖιαι.
437 789 520 850 Casu
552 805 591 849 ea
614 790 713 850 verba
736 790 769 849 in
793 789 865 849 Par.
889 790 918 848 A
943 789 1142 850 exciderunt.
1169 781 1188 872 ΙΙ
1214 791 1294 852 (ium
1324 791 1413 852 Aetio

238 903 340 962 scribe
371 902 560 986 πρῳαίτερον.
591 903 641 962 Ad
672 902 751 962 illud
781 906 953 979 κηληθῆναι
986 901 1025 962 cf.
1058 902 1194 964 Phaedr.
1225 905 1288 964 267
1314 904 1340 963 D
1365 901 1413 981 (de

237 1013 423 1091 Protagora)
459 1011 695 1094 ὀργίσακ....καὶ
729 1015 818 1073 πάλιν
857 1011 1049 1094 ὡρκισμένοις
1080 1012 1200 1097 ἐπᾴδων
1232 1018 1342 1093 κηλεῖν.
1374 1050 1414 1058 -

182 1125 316 1190 DVen.
341 1131 375 1186 H
395 1130 428 1189 et
451 1125 651 1192 Eexhibent
683 1125 734 1187 ἕάν
759 1144 805 1187 σοι
828 1136 919 1187 ιαύια
943 1127 1028 1211 δοκῇ.
1054 1119 1074 1210 ΙΙ
1097 1128 1190 1189 Unus
1215 1129 1283 1190 cod.
1310 1130 1415 1207 βούλο-

236 1239 315 1325 μὲνηι
331 1238 487 1318 <εἴη>ἀ
510 1239 593 1320 λέγω,
616 1242 717 1317 male,
742 1243 804 1301 Ast
827 1245 939 1303 autem
963 1243 996 1302 et
1022 1242 1162 1303 Oobetus
1186 1239 1277 1319 (nota
1297 1258 1360 1304 ms.
1383 1245 1414 1303 in

237 1356 308 1416 eius
327 1355 409 1416 Plat.
426 1355 603 1429 exemplari
616 1356 715 1428 bugd.
728 1355 764 1416 B.
785 1356 963 1425 asservato)
981 1351 1134 1429 <ἐσάν>
1150 1355 1362 1429 requirebant
1382 1350 1414 1433 ¹).

236 1469 356 1541 Utique
397 1470 507 1529 mente
548 1464 625 1527 ἐστὶν
667 1468 891 1543 supplendum,
930 1483 994 1528 non
1036 1464 1109 1547 λέγω
1144 1470 1180 1528 ut
1217 1466 1428 1550 Oampbellio

186 1589 213 1655 Ε
237 1582 345 1641 visum
377 1585 437 1643 est.
463 1573 482 1664 ΙΙ
507 1582 722 1642 Herwerdeno
754 1579 829 1657 (Mn.
857 1579 953 1657 1883)
980 1581 1076 1641 verba
1099 1580 1128 1639 τί
1152 1577 1187 1640 ἀν
1210 1601 1239 1640 νε
1263 1578 1314 1640 καὶ
1339 1580 1413 1641 ὅθεν

234 1692 336 1774 γέγονε
367 1694 543 1772 δικαιοσύνη
576 1696 704 1755 eicienti
726 1710 858 1768 prorsus
881 1695 1050 1755 assentior.
1075 1695 1124 1754 Ex
1147 1695 1165 1764 ἓ
1190 1693 1213 1755 O
1237 1686 1315 1771 (οἷον
1341 1686 1419 1753 εἶναι

233 1825 307 1883 φασι
334 1805 384 1865 καὶ
408 1806 481 1866 ὅθεν
505 1804 668 1886 γεγονέναι)
692 1808 829 1882 repetita
851 1811 929 1868 sunt
953 1823 991 1868 oa
1015 1808 1122 1883 verba,
1146 1808 1180 1867 in
1202 1807 1277 1868 aliis
1301 1809 1417 1869 codici·

231 1923 292 1982 bus
327 1921 421 1982 aliter
455 1922 591 1995 scripta:
627 1921 698 1982 Par.
734 1922 762 1980 Α
792 1920 822 1979 τί
851 1917 886 1980 ύν
915 1941 954 1997 ιε,
985 1921 1063 1982 Ven.
1089 1923 1123 1979 Π
1150 1920 1179 1979 τί
1208 1912 1326 1980 οἷόντε
1355 1919 1416 1999 (sio

233 2036 343 2097 Herm.
366 2033 548 2109 Schmelz.)
569 2035 651 2094 Flor.
671 2050 695 2093 x
714 2031 804 2093 ἀκοοε
824 2026 889 2093 οἷόν
908 2055 937 2093 ιε
957 2030 1007 2092 καὶ
1026 2036 1087 2095 etc.
1110 2032 1417 2113 (sicStallb.1858,

232 2150 351 2223 Baiter,
385 2148 560 2223 Oampbeil,
593 2149 647 2221 qui
674 2148 743 2222 ipse
767 2148 806 2207 ci.
831 2146 859 2204 τί
880 2145 939 2205 ἐσιι
961 2144 1012 2206 καὶ
1036 2145 1109 2205 ὅθεν
1133 2132 1257 2226 γέγονε).
1282 2147 1420 2222 Aliquis

236 2264 276 2323 ad
300 2257 316 2321 ὃ
340 2263 554 2322 annotaverat
584 2260 613 2318 τί
643 2259 755 2319 οἴονται
786 2257 834 2318 καὶ
860 2256 1108 2338 ὅθενγεγονέναι
1132 2259 1328 2336 δικαιοσύνην
1356 2259 1417 2339 (sic

233 2375 314 2434 Bkk.
346 2375 444 2434 edidit
475 2390 516 2434 ex
547 2374 659 2448 paucis
690 2374 779 2433 codd.
812 2374 967 2447 probante
1000 2369 1418 2450 Schneidero)v01simile

233 2489 319 2564 quid,
351 2503 432 2562 quae
464 2488 562 2547 verba
594 2487 706 2546 deinde
730 2487 884 2546 mutilata
907 2487 1094 2546 intextum
1118 2487 1322 2548 illatasunt.
1348 2488 1417 2562 nge

233 2609 270 2660 ut
293 2617 332 2661 ea
355 2601 464 2675 spuria
487 2616 559 2661 esse
583 2602 695 2675 putem
719 2616 757 2660 eo
780 2600 919 2660 adducor
942 2600 1025 2673 quod
1049 2601 1122 2673 post
1145 2596 1231 2678 ἐρεῖν,
1256 2615 1322 2660 non
1342 2605 1419 2675 post

233 2712 322 2774 ἀκοοε
353 2715 509 2775 collocata
539 2715 733 2797 oportuerat.
762 2714 978 2774 Herwerdeno
1002 2716 1171 2788 praeterea
1197 2713 1292 2787 <ᾱ>
1322 2710 1418 2775 ἀκονε

232 2829 253 2888 i.
278 2844 305 2889 e.
333 2828 525 2905 (πρῶτον)
552 2824 642 2886 ἀκοοε
672 2828 845 2901 corrigenti
880 2841 943 2887 non
981 2827 1143 2887 adversor.
1181 2827 1266 2900 Lege
1297 2826 1417 2887 πλείονι

234 2938 283 3018 (V.
308 2938 367 3018 L),
391 2941 463 3001 vide
486 2941 573 3001 diota
596 2941 636 3001 ad
661 2942 725 3000 330
749 2940 787 3001 A.

87 3056 150 3116 359
178 3051 207 3119 A
274 3054 358 3114 illud
382 3051 499 3131 (αἱρεῖν)
525 3052 623 3112 δοκεῖν
648 3051 716 3129 (pro
740 3053 830 3129 δοκεῖ,
855 3054 1002 3114 codicum
1025 3050 1113 3129 lect.)
1139 3052 1253 3113 Aetius
1273 3053 1414 3115 oonieoit

230 3167 439 3241 probantibus
462 3167 541 3227 sous
564 3166 677 3226 staur.
703 3168 736 3226 ιι
759 3167 898 3242 Baitero,
922 3167 1061 3240 optime,
1087 3165 1187 3226 eoam
1212 3166 1277 3226 seo
1302 3150 1337 3226 ο
1350 3166 1411 3228 uu.

231 3281 426 3355 optimorum
459 3279 547 3340 codd.
580 3279 653 3340 lect.
686 3275 810 3355 ἀδικεῖν,
842 3275 956 3338 ἀδικεῖν
979 3280 1013 3344 in
1037 3275 1150 3337 ἀδικεῖν
1174 3273 1275 3336 ἀδικεῖ
1293 3279 1412 3340 deterr.

231 3394 320 3455 codd.
352 3395 531 3455 mutarunt.
563 3393 698 3453 Temere
722 3392 895 3453 Schneider
918 3392 952 3451 in
979 3390 1239 3468 ,Additamentis
1262 3392 1304 3452 ad
1327 3391 1412 3454 Plat.

232 3508 347 3569 divit.'’
379 3509 461 3568 dixit
494 3509 562 3584 ,ter
594 3509 705 3568 autem
737 3507 887 3581 deinceps
918 3507 1044 3581 positus
1068 3501 1274 3583 (infinitivus)
1299 3507 1413 3568 minue

231 3639 366 3683 suavem
398 3623 545 3683 redderet
576 3623 787 3683 orationem.”
814 3656 856 3666 -
880 3622 1086 3696 optimorum
1117 3621 1205 3681 codd.
1234 3618 1412 3684 lectionem

230 3735 328 3796 αύιῶν
359 3735 458 3796 Beki.
491 3735 562 3795 Aet.
595 3735 741 3796 Schneid.
774 3736 857 3797 Bait.
891 3735 1021 3809 damph.
1047 3738 1121 3805 (sec.
1146 3734 1259 3795 Herm.
1284 3734 1358 3796 Par.
1383 3736 1412 3795 Δ

229 3846 328 3907 αὐτῶν
351 3845 495 3926 praebet)
518 3851 605 3909 recte
628 3850 813 3925 probarunt,
837 3850 918 3910 item
942 3848 1052 3909 Heller
1077 3845 1162 3925 (Gur.
1188 3845 1264 3908 (irit.
1290 3863 1320 3922 p.
1343 3847 1411 3927 22).

228 3963 348 4023 Parum
378 3964 465 4023 recte
492 3963 604 4024 Herm.
629 3964 663 4022 et
686 3962 844 4024 Sohmelz.
868 3961 968 4022 αύιῶν
992 3961 1168 4022 ediderunt.
1184 3993 1225 4004 -
1239 3960 1411 4024 Herwerd.

229 4073 304 4153 (Mn.
338 4074 435 4154 1891)
467 4076 506 4136 oi.
539 4071 651 4134 ἀδικῶν
682 4076 716 4135 et
747 4071 953 4152 ἀδικούμενος,
982 4075 1112 4151 fortunae
1142 4073 1239 4148 recte,
1271 4088 1354 4135 nam
1380 4077 1413 4136 et

228 4211 270 4260 τις
293 4192 403 4251 mente
426 4190 541 4250 addere
564 4188 650 4248 licet.
664 4220 704 4254 ,-
722 4189 759 4247 In
782 4189 800 4258 8
823 4188 849 4247 Β
872 4190 931 4250 ult.
955 4190 1076 4261 corrige
1100 4187 1146 4247 eis
1170 4183 1285 4245 ιοιύνδε
1301 4188 1410 4262 <ιι>

183 4302 417 4380 ὓκοιήσαιμεν,
446 4303 485 4364 oi.
517 4302 603 4363 dicta
629 4299 815 4363 ad3310.
842 4299 859 4372 i!
883 4301 983 4363 Recte
1006 4300 1119 4362 Stallb.
1145 4296 1258 4378 (1858)
1284 4315 1314 4362 ο.
1339 4303 1411 4364 reii-

263 4544 283 4609 ¹)
300 4547 412 4607 Verbum
430 4548 492 4593 totta
508 4547 592 4593 omitti
609 4560 659 4594 non
677 4548 751 4604 solet,
769 4549 801 4594 cf.
822 4548 889 4596 Orat.
909 4549 957 4596 384
967 4547 996 4605 B,
1016 4546 1092 4606 Gorg.
1111 4547 1202 4605 4481),
1218 4546 1278 4595 elie.
