3000 5018
841 267 898 325 '34

287 460 406 520 vicinia
436 458 557 519 librarii
587 456 760 518 manifesto
792 455 923 515 textum
952 453 1172 527 corruperunt,
1196 451 1361 525 quianon
1386 451 1465 511 llcet

236 602 237 606 ¹
288 573 392 633 dicere
421 570 490 649 περί
517 591 546 630 τε
577 568 695 629 δικαίου
717 565 768 627 καλ
790 563 905 627 ἀδίκου.
929 567 1076 627 Primum
1099 566 1171 628 dele
1194 564 1244 625 καὶ
1266 565 1465 642 δικαιοσύνης

289 685 375 758 (quia
396 683 618 745 membrorum
641 681 821 755 aequalitas
844 680 978 753 requirit
1006 680 1117 754 <ιι>
1130 676 1182 739 καλ
1203 678 1406 756 δικαιοσύνης)
1433 680 1467 739 et

288 818 318 856 rr
340 794 391 857 καί
413 793 539 871 ἀδικίας,
563 795 677 857 deinde
701 793 821 866 corrige
845 795 903 854 aut
924 791 993 871 νιρί
1012 813 1042 852 ιε
1065 799 1119 852 τοῦ
1143 791 1260 852 δικαίου
1280 788 1331 850 καί
1355 789 1466 870 (περὶ

286 912 380 984 τοῦ)
394 906 502 968 ἀδίκου
532 910 589 968 aui
619 903 686 985 κερλ
715 913 768 966 τοῦ
800 905 918 966 δικαίου
947 926 977 964 ιε
1008 901 1059 964 καί
1082 901 1196 964 ἀδίκου.
1220 905 1341 965 Eodem
1366 905 1465 966 modo

285 1025 318 1084 iu
342 1025 406 1084 336
433 1024 462 1081 Α
484 1021 605 1082 librarii
630 1021 727 1080 verba
751 1015 823 1079 οὐδὲ
845 1017 879 1078 τὸ
901 1018 1020 1079 δίκαιον
1041 1035 1060 1079 e
1081 1033 1148 1093 mg.
1172 1019 1205 1079 in
1224 1020 1356 1079 textum
1378 1033 1463 1080 rece·

284 1141 407 1212 perant.
430 1135 530 1197 Paulo
553 1135 627 1208 post
649 1134 769 1194 iterum
789 1133 860 1194 dele
880 1132 979 1193 verba
997 1129 1047 1190 καί
1066 1129 1099 1191 τὸ
1120 1131 1246 1208 δίκαιον,
1265 1147 1350 1205 quae
1368 1132 1464 1207 plane

284 1251 388 1310 otiosa
418 1249 505 1322 sunt,
536 1248 621 1307 sicut
652 1248 687 1307 et
716 1246 800 1306 infra
830 1248 959 1306 tantum
989 1239 1009 1320 δ
1037 1239 1071 1304 tl
1093 1241 1194 1303 ἀδικία
1216 1247 1373 1320 scriptum
1400 1247 1464 1306 est.

284 1363 430 1423 Primum
454 1361 552 1433 igitur
576 1359 668 1420 Plato
691 1359 856 1420 vocabulis
878 1356 910 1417 τὸ
934 1357 1051 1417 δίκαιον
1070 1362 1104 1419 et
1122 1354 1155 1416 τὸ
1173 1353 1280 1417 ἄδικον
1299 1373 1380 1418 usus
1399 1361 1464 1434 eet,

231 1474 262 1538 Il
285 1475 399 1536 deinde
423 1473 587 1534 vocabulis
609 1467 629 1550 ἡ
653 1471 829 1549 δικαιοσύνη
852 1474 887 1532 et
909 1467 928 1548 ἡ
951 1468 1061 1530 ἀδικία.
1086 1462 1105 1553 ΙΙ
1129 1472 1273 1532 Venetus
1298 1473 1332 1529 Π
1348 1486 1393 1532 m.
1415 1486 1463 1546 pr.

286 1588 417 1649 exhibet
440 1578 463 1645 ὦ
486 1581 663 1662 εὐηθέστατε
692 1583 869 1663 [Σώκρατες]
895 1585 1050 1659 probante
1072 1585 1197 1645 Nabero
1221 1584 1357 1655 (comm.
1378 1584 1463 1644 Plat.

174 1730 176 1735 ·
235 1696 395 1775 ursos),
419 1700 551 1773 optime,
576 1698 648 1759 vide
671 1698 758 1759 dicta
781 1698 822 1757 ad
845 1698 909 1757 339
933 1698 968 1758 ll.
1001 1689 1019 1781 ΙΙ
1051 1698 1079 1759 J.
1100 1698 1231 1758 Richter
1250 1697 1368 1768 (Fleck.
1389 1697 1463 1758 Jbb.

288 1815 372 1873 1867
396 1813 447 1873 bd.
472 1814 524 1881 95)
550 1813 587 1872 ci.
608 1810 732 1889 ὑπάρχει
752 1808 801 1870 καλ
812 1875 814 1879 ,
825 1812 998 1885 <κεῖται>
1022 1811 1048 1870 εἰ
1059 1812 1187 1889 μηδεμία
1199 1809 1273 1889 ἄλλη
1284 1815 1344 1888 κτλ,
1356 1813 1463 1886 male;

285 1929 319 1987 in
349 1928 451 1987 altero
476 1940 603 1999 quoque
626 1926 773 1986 membro
798 1929 846 2007 (τῷ
870 1920 904 1984 δὲ
927 1922 1032 2009 clap)
1056 1941 1158 1986 unum
1180 1923 1304 2004 ὑπάρχει
1328 1924 1462 1986 sufficit.

285 2040 363 2100 Post
385 2036 466 2118 παρὰ
489 2036 521 2098 τὸ
546 2038 662 2098 δίκαιον
686 2041 773 2099 recte
796 2039 852 2098 alii
875 2039 982 2099 media
1005 2039 1214 2101 distinctione
1236 2039 1289 2099 usi
1308 2040 1396 2100 sunt.
1421 2071 1463 2084 -

286 2153 329 2213 Lo
352 2169 369 2213 θ
392 2150 470 2212 νυνδ
480 2150 499 2212 ’.

141 2274 204 2334 344
232 2271 262 2337 Α
330 2167 515 2325 {actuosum
551 2265 623 2326 Parc
653 2260 694 2324 Α1
724 2261 804 2347 αὐτῷ
835 2269 903 2338 (pro
931 2262 1022 2347 clap)
1047 2299 1087 2309 -
1112 2281 1208 2339 quam
1241 2266 1391 2327 Schneid.
1418 2267 1464 2337 (tn

173 2395 175 2399 ⁷
288 2379 471 2454 „Additum
495 2379 535 2438 ad
559 2378 640 2438 Plat.
666 2377 805 2453 (δίαιθ’),
829 2379 911 2439 Bait.
937 2378 1067 2453 campo.
1092 2381 1281 2454 receperunt
1306 2412 1346 2423 -
1372 2381 1465 2439 recte

216 2541 218 2544 Α
284 2479 394 2551 Heller
427 2490 510 2562 (Our.
546 2507 576 2565 p.
610 2492 661 2562 22)
693 2507 769 2552 cum
800 2492 920 2552 Herm⁰
951 2495 984 2553 et
1015 2493 1144 2553 Wohlr0
1174 2493 1380 2568 improbavit.
1421 2527 1464 2536 —

284 2604 366 2664 Male
394 2605 531 2665 editores
555 2605 679 2675 (Stallb.
703 2605 796 2666 Aetio
820 2605 975 2679 exceptis)
998 2604 1068 2664 vam
1095 2605 1129 2666 L.
1154 2601 1174 2683 λ
1200 2603 1314 2678 <ιὸ>
1343 2604 1466 2665 δίκαιον

284 2719 507 2793 susceperunt,
538 2733 615 2777 nam
646 2718 803 2778 articulus
835 2720 907 2778 tum
938 2721 1067 2779 tantum
1099 2718 1175 2779 ferri
1207 2718 1335 2793 poterit,
1368 2719 1398 2778 si
1429 2722 1467 2779 et

289 2829 404 2904 <τὸ>
430 2827 536 2890 ἄδικον
558 2831 734 2905 legerimus
757 2834 805 2903 (ut
827 2833 978 2892 Bromius
999 2833 1126 2903 suasit).
1151 2831 1262 2892 Stallb.
1288 2831 1333 2892 cit
1353 2831 1420 2892 357
1435 2832 1467 2890 A

239 2944 262 3011 (λ
286 2941 408 3020 ἄμεινόν
438 2940 496 3002 ἔστι
528 2943 644 3003 δίκαιον
674 2937 750 3004 εἶναι
779 2941 799 3023 δ)
830 2941 943 3004 tricos.
967 2936 986 3026 ΙΙ
1011 2944 1066 3005 Oh.
1096 2946 1129 3005 F.
1155 2944 1320 3005 Sehrwald
1340 2939 1466 3021 (Fleck.

264 3057 354 3117 lob.
381 3058 465 3117 1872
492 3058 542 3117 bd.
568 3059 641 3128 105)
662 3058 700 3118 oi.
722 3054 800 3116 ἐστίν
818 3057 929 3129 ἱκανῶς
947 3055 1138 3134 δεδηλωμένη
1158 3072 1214 3132 pro
1226 3054 1247 3116 ἐ.
1260 3056 1279 3115 ί.
1290 3054 1468 3136 γιγνομένη,

282 3171 366 3243 quod
385 3185 445 3230 nec
464 3171 711 3245 palaeographia
731 3186 790 3231 nec
813 3170 1030 3246 grammatica
1053 3170 1269 3231 commendat.
1289 3170 1466 3232 Praeterea

282 3281 377 3353 οὕτως
411 3299 475 3344 non
510 3284 588 3359 „hac
611 3284 735 3344 ratione
759 3300 786 3344 s.
811 3285 871 3345 hoc
894 3285 1010 3345 modo'’
1040 3282 1211 3359 significat,
1235 3284 1292 3343 sed
1319 3284 1400 3359 „has
1423 3285 1466 3345 ob

285 3398 433 3457 causas.'’
465 3398 552 3458 Bene
584 3398 751 3471 vulgatam
783 3398 930 3458 Schneid.
956 3397 1131 3472 explicavit
1168 3397 1347 3473 „iniustitia
1379 3413 1464 3474 quae

285 3512 513 3572 convenienter
547 3512 677 3572 exsist't
707 3528 733 3572 s.
764 3527 847 3585 quae
878 3512 925 3571 ite
960 3511 993 3570 in
1017 3511 1123 3571 lucem
1147 3511 1252 3586 prodit
1274 3514 1312 3571 ut
1334 3512 1463 3572 debet.'’

286 3625 396 3685 Heller
414 3625 549 3685 annotat
573 3624 732 3699 „gehorig,
752 3623 799 3684 im
818 3639 963 3700 grossen,
984 3625 1074 3684 nicht
1093 3625 1139 3684 lm
1156 3624 1318 3686 kleinen.”
1335 3658 1374 3669 -
1387 3625 1463 3686 Mox

286 3740 450 3799 Herwerd.
484 3737 557 3808 (Mn.
592 3739 687 3807 1883)
719 3737 757 3798 ci.
785 3735 818 3796 τὸ
842 3731 871 3795 δ’
903 3733 1009 3796 δίδικον
1035 3735 1150 3811 <τδ>
1177 3734 1271 3820 ἑαυτῷ
1294 3740 1354 3813 κτλ,
1377 3740 1462 3812 quod

286 3853 487 3927 probandum
506 3867 547 3911 ne
560 3850 780 3910 membrorum
793 3849 974 3922 aequalitas
986 3842 1007 3921 ¹)
1018 3853 1139 3926 pereat,
1153 3850 1229 3923 qula
1241 3850 1312 3910 sine
1324 3851 1463 3911 articulo

287 3968 334 4026 sic
357 3964 627 4026 construendum:
647 3958 680 4020 τὸ
702 3957 734 4020 δὲ
753 3959 858 4022 δίδικον
878 3960 971 4046 ἑαυτῷ
992 3967 1161 4023 λυσιτελοῦν
1181 3961 1317 4042 τυγχάνει
1340 3964 1362 4024 i.
1384 3980 1410 4026 0.
1430 3962 1462 4024 ἰδ

235 4081 266 4146 Ι)
291 4076 323 4140 δὲ
342 4076 447 4138 ἄδικον
467 4076 562 4159 ἑαυτῷ
581 4079 730 4138 λυσιτελεῖ.
743 4067 764 4160 Η
777 4077 878 4137 Paris,
899 4069 940 4137 A1
960 4073 1076 4155 ἁθρόον
1094 4078 1153 4148 (sic
1173 4075 1306 4147 Wohlr.)
1323 4092 1383 4152 pro
1401 4074 1464 4154 te,

287 4195 390 4267 recte;
423 4206 519 4265 saepe
550 4190 598 4250 sic
628 4189 699 4250 Par.
731 4191 770 4265 A,
798 4191 862 4250 vid.
887 4190 969 4250 Tim.
995 4192 1048 4251 64.
1072 4167 1149 4251 Dete
1173 4192 1340 4266 praeterea
1363 4192 1463 4253 rerba

323 4471 343 4539 ¹)
365 4474 500 4521 Praecedit
514 4475 591 4519 'enim
611 4473 637 4519 τδ
656 4473 745 4520 δίκαιον
764 4475 874 4533 τυγχάνοι
893 4469 920 4518 δν
936 4473 963 4518 νδ
981 4479 1022 4518 τοῦ
1040 4491 1075 4538 κρ.
1092 4471 1214 4537 ξυμφέρον,
1229 4485 1279 4536 nqn
1297 4470 1349 4533 [ιδ]
1369 4480 1412 4521 τοῦ
1430 4495 1465 4542 κρ.

288 4555 305 4609 ξ.
325 4555 356 4599 ef.
375 4554 423 4599 367
433 4552 460 4598 0.
