3000 5018
650 278 692 336 55

80 457 193 534 ὅμαδος
204 461 309 535 possit
321 461 502 535 significare
518 464 802 539 „multitudinem”
812 465 962 539 (Hesych.
973 462 1253 544 ὅμαδονὸἱθροιοιν.

78 571 215 651 στρατόν,
236 573 340 635 Schcl.
366 575 490 636 Platon.
515 575 713 654 συναγωγήν),
735 577 780 636 nil
801 577 996 638 mutandum
1015 593 1140 640 censeo.
1161 580 1255 654 Apud

79 686 240 747 Themist-
272 687 369 757 (Orat.
401 689 432 748 Π
464 702 493 762 p.
527 689 617 758 3213)
648 689 688 749 ef.
720 686 795 747 ἀλλὰ
825 689 948 767 βιβλίων
970 688 1083 768 ὅμαδος
1107 689 1174 764 ὅλος
1196 697 1255 752 mi.

79 799 165 861 Oum‘
197 800 292 861 Asido
325 800 395 874 lege
430 797 559 878 ἐκγόνων
594 816 650 875 pro
684 799 823 880 ἐγγόνων,
858 803 1009 877 Madvigii
1043 807 1104 864 cam
1134 805 1256 877 παιδιᾶς

80 907 224 990 [ἡδονῶν]
249 928 334 973 unus
356 914 439 974 Bait.
464 914 594 989 recepit,
618 915 687 974 iure
710 915 745 974 ni
768 915 872 991 fallor,
892 915 977 988 quod
995 916 1029 975 in
1049 917 1067 986 ἓ
1087 913 1256 994 Ορὶδονῶν

76 1046 108 1085 τε
137 1022 188 1085 καὶ
218 1023 338 1105 ἑορτῶν)
368 1026 562 1087 vocabulum
588 1021 708 1103 ἡδονῶν
731 1042 797 1087 nen
819 1028 928 1089 differt
950 1043 970 1089 a
993 1027 1106 1087 παιδιά.
1130 1031 1176 1091 Ut
1198 1046 1256 1105 pro

78 1136 130 1198 διὰ
163 1143 282 1199 θυσιῶν
315 1140 447 1214 quidam
478 1139 566 1200 codd.
597 1140 753 1214 praebent
784 1140 855 1217 μετά
885 1161 974 1200 τινων
1006 1139 1115 1220 ἑορτῶν
1145 1164 1174 1202 τε
1205 1141 1256 1202 καὶ

77 1257 198 1312 θυσιῶν
227 1254 308 1328 (ipse
338 1252 450 1313 Venet.
483 1255 517 1310 Π
543 1253 650 1314 exhib.
680 1269 745 1315 non
777 1250 828 1312 διὰ
854 1257 936 1330 θνα,
958 1255 1015 1314 sed
1038 1251 1088 1313 καὶ
1115 1259 1255 1333 θυσιῶν),

79 1365 166 1439 quor
196 1348 237 1426 οι
266 1365 285 1435 s
315 1364 339 1426 c
368 1366 506 1439 neutum
538 1368 599 1441 est,
630 1366 678 1426 aa
707 1366 748 1425 aa
770 1365 892 1437 πνοιᾶς
915 1366 1037 1426 narare
1060 1362 1180 1444 ἡοοιον
1203 1370 1251 1430 ιο-

77 1479 285 1554 scripserant.
305 1478 420 1539 Astius
439 1479 538 1539 vertit
556 1494 651 1555 „curn
663 1479 813 1539 ludorum
825 1479 1106 1556 oblectamentis,”
1122 1481 1252 1556 damph.

81 1593 166 1669 „and
199 1592 341 1667 sporuve
370 1593 541 1666 delights.’'
573 1591 761 1668 complures
792 1594 881 1654 codd.
915 1594 1069 1654 exhibent
1098 1592 1150 1653 nat
1181 1592 1255 1671 μετὰ

76 1704 203 1777 παιδιᾶς
223 1699 354 1782 ἡδονῶν,
376 1706 460 1778 quod
484 1722 501 1766 o
524 1704 543 1781 ξ
567 1705 590 1766 O
612 1707 761 1780 petitum.

16 1817 49 1884 A
124 1819 236 1881 Cobeti
264 1821 325 1880 cam
355 1816 521 1896 περιμένειν
552 1835 648 1880 nemo
679 1821 809 1896 recepit,
835 1822 933 1896 recte,
958 1836 1035 1880 nam
1059 1820 1255 1881 indicativus

76 1935 119 1995 ab
151 1929 192 2004 ὡς
220 1934 348 2008 pendet.
380 1934 455 1994 Mox
485 1935 642 2007 corrigere
672 1936 817 2009 praestat
848 1931 952 2012 ἀρετῆς
978 1935 1089 2008 <τε>
1115 1931 1182 2012 πέρι
1205 1932 1255 1994 mi

75 2050 138 2106 κτλ.
170 2080 211 2088 —-
244 2047 328 2108 Illud
358 2046 448 2105 ιί....
473 2051 569 2106 ποιεῖν
593 2049 624 2118 (i.
638 2063 666 2108 e.
690 2062 754 2120 quc
776 2049 885 2108 auimo
908 2051 994 2118 esse)
1017 2049 1098 2108 beno
1122 2047 1253 2123 damph.

75 2159 258 2221 illustravit
277 2160 332 2220 his
355 2161 451 2222 locis:
477 2163 541 2221 330
554 2178 579 2237 ι,
604 2162 669 2222 360
681 2177 707 2237 c,
731 2162 795 2220 416
808 2161 844 2238 Β,
870 2163 935 2221 494
948 2160 982 2237 0,
1003 2163 1067 2221 432
1080 2162 1119 2237 A,
1141 2162 1204 2221 523
1218 2162 1253 2237 Ε,

74 2275 162 2337 aliis.
187 2275 306 2336 Parum
328 2275 428 2349 igitur
450 2275 502 2335 hic
525 2279 622 2334 ποιεῖν
645 2291 665 2335 a
687 2279 768 2334 νοεῖν
791 2275 962 2349 discrepat.
981 2309 1022 2318 -
1035 2275 1136 2335 Attici
1156 2275 1253 2348 scrip·

75 2391 168 2449 tores
186 2389 332 2449 scribunt
351 2385 491 2465 ἒπτόμην,
502 2385 638 2464 mtrem,
657 2386 809 2464 πιόμενος.
826 2389 886 2448 Per
903 2389 1078 2448 ascribunt
1092 2387 1254 2448 Homerus

77 2504 113 2563 et
127 2501 247 2575 tragici
267 2502 341 2573 (vid.
362 2504 396 2562 et
415 2502 609 2562 Schanzium
630 2502 687 2576 Op.
706 2502 770 2561 XII
788 2501 887 2575 praef.
912 2517 941 2579 p.
959 2502 1019 2571 18).
1033 2502 1104 2562 Par.
1119 2492 1172 2560 ΑΗ
1188 2517 1252 2574 mg.
1303 2556 1305 2560 ,

10 2615 48 2681 Β
80 2615 215 2676 exhibet
244 2610 294 2673 ’καὶ
323 2612 526 2692 ἐπισπώμενοι.
549 2607 570 2698 ΙΙ
595 2616 672 2675 Post
701 2612 827 2685 ἀπάταις
850 2630 901 2689 ap.
926 2616 1099 2675 Pindarum
1126 2613 1252 2683 (christ.

77 2730 120 2790 fr.
153 2730 227 2800 233)
257 2732 436 2802 sequuntur
466 2730 599 2790 haecce:
630 2725 786 2806 ἀναβαίνει
818 2728 914 2802 (quod
945 2726 1254 2788 accommodationis

77 2843 186 2916 gratia
207 2842 241 2902 in
264 2838 378 2920 ἀναβάς
402 2843 493 2903 Plato
517 2843 668 2916 mutarit,
692 2842 756 2902 vid.
780 2842 867 2902 dicta
885 2841 926 2901 ad
946 2842 1010 2901 363
1023 2840 1059 2910 Β)
1081 2836 1254 2916 ἐπιχθόνιοι

76 2951 166 3034 γένος
193 2951 324 3033 ἀνδρῶν,
347 2955 413 3033 δίχα
436 2975 486 3030 μοι
509 2953 578 3025 νόος
602 2951 752 3031 ἀτρέκειαν
777 2954 878 3013 εἰπεῖν.
903 2954 1018 3013 Aetius
1039 2953 1079 3013 ci.
1103 2949 1178 3011 κατὰ
1201 2947 1254 3028 μὲν

76 3065 137 3148 γὰρ
167 3065 203 3127 re
229 3067 371 3146 λεγόμενα
401 3084 457 3142 pro
488 3065 522 3126 τὰ
554 3063 607 3143 μὲν
631 3065 686 3146 γὰρ
710 3071 769 3144 πολ,
791 3081 855 3141 quo
879 3082 941 3127 non
967 3081 1047 3140 opus
1071 3067 1132 3126 est.
1156 3066 1255 3126 Recte

77 3182 255 3243 Schneider
288 3182 340 3241 hio
371 3181 586 3242 anacoluthon
616 3196 689 3240 esse
712 3180 838 3255 statuit,
861 3195 938 3240 cum
962 3176 997 3236 τὰ
1019 3176 1161 3256 λεγόμενα
1184 3177 1254 3237 sub-

76 3296 202 3357 iactum
227 3294 315 3355 vocis
337 3309 430 3369 φασιν
454 3310 526 3354 esse
549 3299 699 3366 nequeat.
724 3295 775 3353 Ita
802 3296 929 3353 vertam
957 3291 1088 3351 Latine:
1121 3291 1254 3365 „Secun-

76 3410 160 3469 dum
182 3423 221 3469 ea
235 3423 326 3495 puae
349 3409 443 3480 volgo
468 3403 543 3484 (μὲν)
567 3408 727 3482 dicuntur,
752 3421 827 3466 nam
851 3405 1010 3478 quomodo
1035 3419 1087 3463 res
1111 3404 1181 3476 ipsa
1201 3397 1255 3472 (δὲ)

76 3523 267 3596 comparata
290 3521 333 3580 sit
356 3521 475 3594 nescio,
500 3521 581 3580 mihi
604 3519 730 3580 nulium
754 3519 961 3579 commodum
985 3517 1056 3590 erit,
1078 3516 1113 3575 ut
1134 3515 1254 3591 dicunt,

77 3634 164 3696 etc.''
198 3606 473 3708 -optimorum
505 3633 593 3693 codd.
627 3633 700 3692 lect.
733 3629 785 3689 ἐὰν
816 3628 866 3690 καὶ
890 3628 930 3706 ,νὴ
956 3629 1033 3688 δοκῶ
1057 3629 1156 3690 tutati
1180 3629 1257 3687 sunt

77 3747 180 3808 Bekk.
221 3748 293 3808 Ast.
338 3747 484 3807 Schneid.
526 3745 668 3820 campa,
704 3760 802 3818 prave
837 3747 873 3805 ut
905 3741 1144 3804 demonstravit
1179 3741 1256 3801 Her·

78 3875 192 3937 manu,
227 3861 283 3934 qui
317 3874 392 3921 cum
426 3860 570 3920 Dobraeo
601 3859 747 3929 (Advers.
781 3857 862 3926 crit.)
893 3854 945 3915 ἐὰν
976 3853 1016 3932 μὴ
1048 3851 1098 3912 καὶ
1128 3853 1207 3912 δοκῶ
1238 3868 1256 3913 ο

78 3975 198 4037 deterr.
238 3975 326 4034 codd.
367 3974 487 4047 recepit
524 3973 679 4048 probante
718 3972 856 4032 Baitero.
897 3971 974 4037 Mihi
1011 3970 1127 4028 neuma
1161 3967 1257 4027 lectio

78 4087 198 4164 placet,
241 4089 452 4160 quamobrem
494 4087 564 4159 lego
599 4082 651 4144 ἐὰν
682 4082 732 4143 καὶ
768 4085 854 4144 δοκῶ.
900 4083 988 4159 Quod
1022 4081 1092 4141 sola
1125 4079 1258 4140 iustitiae

77 4201 193 4277 aperies
233 4200 254 4260 i.
288 4215 317 4260 e.
361 4199 521 4260 iniustitia
562 4199 707 4258 iustitiae
752 4198 891 4270 insignia
933 4196 1048 4270 furata,
1087 4193 1258 4254 commoda

77 4314 188 4391 affert,
222 4314 297 4374 inde
332 4312 471 4375 efficitur
506 4313 630 4389 cuique,
666 4313 730 4372 nisi
761 4313 804 4370 sit
835 4311 986 4384 iniustus,
1027 4309 1077 4368 vel
1111 4307 1256 4367 iustitiae

78 4429 225 4503 speciem
264 4442 389 4489 nocere.
428 4426 533 4486 Verba
571 4426 670 4498 igitur
707 4421 759 4482 ἐὰν
794 4420 834 4499 μὴ
869 4419 919 4481 παὶ
951 4421 1032 4480 δοκῶ
1067 4421 1097 4490 (i.
1127 4437 1157 4480 ο.
1194 4420 1258 4479 nisi

78 4542 184 4607 etiam
214 4541 322 4602 iustus
351 4540 470 4610 videar)
504 4554 579 4599 cum
611 4553 686 4597 vero
716 4539 878 4611 pugnant;
911 4535 949 4595 ci.
982 4550 1032 4594 ex.
1059 4548 1106 4608 gr.
1132 4535 1206 4603 (343
1224 4531 1257 4601 d)
