3000 5018
742 275 783 334 23

173 459 249 530 quia
281 460 347 520 illic
378 461 421 530 (in
452 461 540 534 Rep.)
572 459 603 520 ιδ
631 460 709 540 ῥῆμα
736 463 801 522 ianr
830 465 1030 524 auditoribus
1053 465 1166 522 notum
1191 463 1270 537 erat,
1296 462 1347 521 hic

175 572 219 641 (in
254 572 361 644 Legg.)
397 574 476 633 illud
511 572 634 652 σμικρὸν
669 573 748 653 ῥῆμα
782 577 886 637 adhuc
920 593 940 637 a
974 577 1100 649 Megillo
1130 574 1345 649 ignorabatur.

173 685 278 745 Verba
305 680 375 743 οὐδὲ
406 684 438 744 ιδ
471 685 596 763 δίκαιον,
632 703 714 760 quae
748 690 844 764 paulo
878 692 952 764 post
986 692 1175 764 sequuntur,
1206 687 1347 748 insiticia

174 799 267 858 sunt:
299 799 388 872 prius
418 796 489 859 οὐδὲ
513 802 552 861 ad
576 809 661 861 τοῦτο
685 803 834 878 pertinet,
860 819 922 864 non
947 804 987 863 ad
1011 798 1030 879 ἡ
1055 802 1241 877 δικαιοσύνη,
1262 801 1345 875 inep-

173 913 246 971 tum
276 911 374 984 igitur
405 916 455 973 est
485 910 556 974 οὐδὲ
586 913 617 974 ιδ
643 914 758 975 δίκαιον
783 916 908 992 addere,
933 917 1009 990 quia
1031 917 1103 975 turn
1127 910 1146 991 ἡ
1171 913 1346 991 δικαιοσύνη

174 1025 291 1084 dicitur
322 1041 385 1085 non
416 1027 503 1087 idern
535 1044 608 1089 esse
639 1045 677 1089 ac
707 1028 739 1088 τὸ
764 1028 889 1090 δίκαιον.
914 1031 1078 1090 Insertum
1102 1030 1154 1089 est
1175 1025 1207 1086 τὸ
1231 1027 1347 1086 δίκαιον

173 1139 213 1197 ab
245 1139 352 1211 aliquo
384 1142 431 1211 (ut
462 1139 533 1201 αὐτὸ
566 1143 698 1202 haberet
729 1158 791 1215 quo
821 1144 1005 1213 referretur)
1037 1143 1145 1203 nescio
1171 1157 1347 1216 pronomen

173 1249 246 1310 αὐτὸ
271 1253 410 1313 indicare
433 1251 487 1330 τὴν
511 1254 706 1332 δικαιοσύνην
729 1271 834 1330 posse.
859 1258 931 1316 Iam
950 1257 983 1315 in
1004 1256 1066 1315 331
1090 1255 1112 1316 0
1131 1251 1150 1331 ἡ
1171 1254 1346 1330 δικαιοσύνη

173 1381 229 1439 per
253 1364 325 1424 αὐτὸ
349 1367 517 1440 designata
540 1371 619 1429 erat.
645 1370 789 1446 Saepius
811 1372 847 1429 ut
868 1386 946 1430 mox
965 1371 1005 1430 ad
1027 1371 1089 1430 343
1112 1368 1134 1429 0
1154 1369 1345 1443 videbimus

174 1479 295 1538 librarii
326 1480 359 1538 in
390 1480 506 1541 Politia
529 1483 569 1541 ad
592 1477 610 1558 ἡ
636 1482 723 1540 δικαι.
751 1484 992 1557 adscripserunt
1011 1482 1043 1543 ιὸ
1068 1482 1184 1542 δίκαιον
1208 1485 1241 1542 et
1264 1482 1303 1542 ad
1327 1476 1345 1558 ἡ

129 1590 150 1653 Β
175 1589 275 1650 άδικία
307 1594 404 1654 verba
434 1593 465 1654 ιδ
496 1591 601 1654 άδικον
625 1596 677 1655 vel
702 1597 772 1656 vice
789 1570 901 1657 ¹versa.
928 1588 948 1679 ΙΙ
974 1596 1082 1657 Cobeti
1106 1607 1165 1656 cam
1190 1590 1285 1667 ὡςδὲ
1309 1591 1346 1670 δν)

174 1703 369 1783 ἐπαυσάμεθα
400 1709 520 1769 frustra
542 1703 562 1778 1)
594 1710 704 1770 Heller
735 1709 817 1780 (Gur.
850 1712 920 1771 crit.
952 1727 982 1786 p.
1009 1712 1048 1770 21
1074 1718 1134 1784 sq.)
1157 1714 1190 1771 et
1214 1710 1344 1784 Gampb.

174 1820 315 1880 refutare
346 1823 451 1882 conati
483 1826 569 1898 sunt,
602 1824 677 1896 quia
704 1840 768 1885 non
792 1825 934 1911 aonstus
957 1825 1045 1884 verbi
1068 1823 1270 1883 decredenda
1294 1822 1346 1881 hic

174 1936 269 2008 aptus
293 1937 354 2010 est,
379 1936 435 1995 sed
458 1937 684 2011 imperfectum
708 1935 930 2014 διεπανόμιδαε
955 1937 994 2012 is,
1018 1938 1056 1998 de
1081 1952 1143 2010 quo
1168 1935 1345 1995 διεπαάσασο

174 2048 300 2124 dicitur,
325 2064 387 2108 non
411 2050 551 2123 amplius
574 2051 720 2126 quiescit,
747 2052 803 2111 sed
831 2051 1082 2125 disputationem
1106 2051 1172 2109 lam
1195 2049 1345 2121 integrat.

173 2161 284 2233 Neque
309 2162 391 2222 hano
414 2178 517 2235 neque
542 2163 679 2223 alteram
705 2163 814 2224 Oobeti
838 2174 896 2223 cam
919 2161 1155 2238 διασπασίμινος
1178 2166 1244 2236 (pro
1265 2161 1347 2239 διαρ-
1444 2196 1446 2200 »

174 2273 351 2352 πασάμενος)
376 2277 513 2338 editores
537 2280 735 2354 receperunt,
762 2278 858 2355 male,
883 2278 922 2338 cf.
948 2293 999 2338 err.
1020 2292 1066 2351 gr.
1087 2277 1186 2337 Arist.
1207 2278 1267 2337 Av.
1282 2278 1345 2337 367

173 2390 202 2448 τί
230 2382 347 2466 μέλλετ’,
378 2381 400 2448 ὧ
431 2388 551 2449 πάντων
581 2390 703 2450 κάκιστοι
731 2391 848 2469 θηρίων
873 2387 1013 2450 ἀπολέσαι
1096 2386 1186 2469 ιἰἱνδρε
1209 2388 1259 2448 καὶ
1283 2390 1347 2449 δια-

175 2504 512 2576 συμπράσσουσα
545 2504 715 2584 οιιμπιςον
751 2507 789 2566 ου
824 2505 900 2565 reris
932 2505 1111 2565 aeriorum
1144 2506 1192 2575 (αι
1222 2483 1345 2565 ronne.

178 2619 240 2678 274
265 2618 312 2693 B),
344 2616 505 2692 significat
535 2619 659 2693 anferre
690 2619 889 2694 δι’άιιιίιιίιινι,
921 2619 1030 2691 itaque
1057 2617 1157 2677 miror
1184 2616 1346 2691 Campbel·

174 2731 256 2790 lium
287 2732 462 2793 contulisse
497 2733 587 2792 iliad.
622 2733 673 2808 16,
711 2734 772 2792 355
805 2724 881 2806 αἶψα
914 2730 1118 2810 διαρπάζουσι,
1148 2746 1223 2791 curn
1254 2732 1349 2805 poeta

175 2845 261 2905 dicat
284 2845 376 2919 lupos
400 2837 450 2915 (oi.
472 2846 568 2919 Legg.
590 2846 654 2906 906
675 2846 701 2905 D
722 2845 752 2903 οἱ
770 2840 801 2903 δὲ
822 2879 862 2886 -
883 2860 928 2905 sc.
949 2844 1033 2904 λάκοι
1047 2878 1151 2901 -....
1169 2840 1204 2901 νδ
1224 2843 1347 2920 ποίμνια

176 2956 357 3035 διαρπάζειν)
388 2959 422 3016 in
453 2973 541 3035 oves,
570 2959 770 3031 simulatque
798 2957 1011 3018 incustoditas
1036 2957 1174 3016 viderint
1205 2955 1348 3030 (ἰδόντες),

174 3071 298 3143 impetu
333 3070 418 3130 facto
452 3087 547 3131 suam
583 3087 744 3146 quemque
775 3072 928 3146 praedam
960 3070 1095 3130 auterre.
1129 3103 1168 3111 -
1200 3069 1350 3128 Nondum

173 3183 283 3242 omnia
314 3197 394 3243 sana
430 3185 520 3260 duco,
545 3185 620 3257 quia
643 3200 712 3245 voc.
736 3175 808 3261 ἧκεν
832 3185 871 3244 de
894 3183 1002 3243 bellua
1025 3198 1107 3255 quae
1130 3198 1166 3242 se
1189 3184 1229 3243 ad
1253 3183 1350 3255 impe·

175 3299 246 3355 tum
290 3296 473 3356 faciendum
509 3296 641 3371 colligit,
684 3297 745 3357 dici
780 3312 843 3357 non
878 3297 1002 3368 potest:
1038 3296 1211 3368 requiritur
1245 3295 1352 3367 magis

176 3409 291 3468 idonea
315 3425 388 3484 vox,
413 3424 529 3482 nempe
553 3401 636 3490 ᾖινεν
661 3409 692 3478 (i.
717 3425 744 3470 e.
768 3401 879 3491 ᾖσσον),
902 3409 986 3480 quod
1005 3409 1038 3468 in
1058 3408 1217 3482 scriptura
1233 3407 1352 3466 unciali

177 3520 367 3591 (HIOOEN)
399 3521 551 3581 facillime
584 3522 734 3583 conlundi
763 3522 870 3597 potest
893 3537 968 3580 cum
991 3523 1123 3580 ΗΚΕΝ.
1148 3520 1211 3580 Vix
1235 3521 1352 3580 melius

178 3634 413 3707 Thrasymachi
446 3633 610 3694 Socratem
643 3636 804 3696 refutandi
829 3634 1033 3708 impatientia
1055 3635 1211 3694 illustrari
1235 3635 1352 3708 poterit

177 3765 275 3823 quam
310 3748 364 3807 illo
396 3763 413 3807 e
444 3747 590 3808 Nubibus
627 3748 706 3824 loco,
737 3748 791 3807 ubi
821 3743 841 3806 ὁ·
868 3744 970 3818 άδικος
1002 3747 1099 3826 λόγος,
1132 3749 1305 3822 postquam
1336 3743 1352 3806 δ

177 3863 291 3934 δίκαιος
314 3867 338 3921 λ.
363 3862 516 3935 loquendi
546 3861 645 3922 linem
678 3863 764 3938 fecit,
796 3862 842 3923 sic
873 3862 1031 3937 erumpit:
1050 3838 1109 3920 καί
1132 3859 1192 3938 μὴν
1214 3859 1306 3919 πάλαι
1324 3855 1348 3939 μ’
1444 3846 1449 3856 ’

178 3974 340 4055 ἐπνιγόμην
364 3972 399 4034 τὰ
422 3974 573 4054 σπλάγχνα
596 3972 791 4051 νᾶπνθύμονν
811 3973 928 4034 ἅπαντα
948 3969 1025 4033 ταῦτ’
1049 3972 1195 4044 ἐναντίαις
1207 3973 1352 4052 γνώμαισι

130 4094 154 4161 c
178 4088 365 4167 συνταράξαι.
390 4082 410 4172 ΙΙ
434 4089 545 4150 Malim
577 4089 685 4149 delere
708 4087 781 4166 πρὸς
805 4085 949 4165 ἀλλήλους
974 4091 1010 4148 ut
1034 4086 1233 4161 significetur
1255 4083 1304 4143 καί
1328 4084 1356 4144 ιί

177 4202 327 4281 εὐηθικῶς
350 4199 622 4262 ὑποκατακλίνεσθε
645 4204 703 4260 κτλ.
718 4235 758 4290 '.'
772 4185 821 4262 Ad
844 4202 942 4262 verba
961 4198 1095 4279 ἐγνωκὼς
1115 4207 1202 4258 τοῦτο
1223 4197 1267 4258 ὅτι
1278 4196 1353 4280 ῥᾷον

212 4395 230 4462 1)
250 4397 367 4445 Fortasse
388 4402 414 4445 et
430 4400 505 4446 modo
527 4411 707 4458 praegressum
726 4399 848 4444 διακοῦσαι
867 4397 1000 4443 librarium
1018 4396 1045 4441 in
1064 4407 1176 4442 errorem
1194 4392 1303 4439 induxit.
1322 4392 1353 4438 In

178 4476 264 4523 sein
290 4480 346 4523 Par.
371 4471 400 4521 ΑῙ
423 4490 501 4537 prave
525 4477 654 4535 διιλέγομιν
676 4490 722 4536 pro
747 4477 774 4534 di
794 4477 906 4536 ἐλέγομεν,
923 4476 949 4521 in
967 4475 1016 4521 352
1035 4476 1055 4520 B
1074 4475 1119 4520 ult.
1139 4474 1241 4526 δικαίους
1257 4484 1304 4530 pro
1322 4470 1352 4529 δὴ

177 4560 215 4604 καὶ
234 4558 272 4606 ot:
289 4556 399 4603 exhibet.
