3000 5018
840 276 881 335 36

256 463 421 540 pastoris,
447 465 498 525 vel
522 465 610 540 mali,
634 465 797 538 proprium
821 467 873 525 est
895 463 1063 539 ποιμαίνειν
1079 458 1110 539 ¹),
1131 465 1167 523 at
1188 469 1241 522 τοῦ
1262 455 1302 532 ὡς
1322 457 1449 538 ἀληθῶς

271 575 412 655 ποιμένος
443 579 473 648 (i.
498 594 525 638 θ.
556 572 624 636 καθ’
652 575 723 636 ὅσον
753 575 867 653 ποιμήν
898 574 985 646 ἔστιν)
1014 576 1153 652 πιαίνειν,
1176 573 1329 653 παχύνειν,
1354 579 1450 653 θερα-

218 695 249 760 Ι)
272 692 374 751 πεύειν
404 689 439 750 τὰ
469 690 612 770 πρόβατα.
645 683 664 773 ΙΙ
695 692 755 751 Pro
786 689 885 761 (οὕτω)
916 688 953 765 δὴ
985 691 1043 761 (sic
1074 689 1242 764 EusebiUS,
1275 688 1347 758 Ast)
1379 688 1449 748 fere

272 788 386 865 omnes
409 805 497 865 codd.
521 805 675 878 praebent
698 800 740 881 δέ,
763 804 872 863 minus
894 804 992 879 recte,
1015 818 1116 876 quum
1136 800 1212 861 οίιω
1233 800 1343 861 valeat
1367 801 1450 876 „has

272 919 311 978 cb
343 918 490 978 causas.”
523 917 568 977 De
600 917 696 977 verbo
728 913 804 974 ἐστιν
833 917 907 991 post
936 909 1003 974 καθ’
1040 913 1110 974 ὅσον
1134 911 1208 993 ἀρχὴ
1231 915 1355 975 omisso
1380 915 1448 975 vid.

220 1034 249 1099 n
273 1031 313 1090 ae
338 1007 460 1091 aran(
474 1022 494 1113 Η
519 1030 704 1103 tegendum
727 1026 777 1087 ιιι
800 1025 832 1087 ιι
852 1029 883 1099 α.
907 1044 934 1089 ο.
954 1024 1022 1093 aaa)
1044 1027 1176 1112 ιοιιειαμ
1196 1024 1278 1111 capp.
1302 1063 1343 1072 -
1364 1029 1449 1089 non·

270 1143 351 1203 nulli
383 1145 472 1204 codd.
505 1142 574 1214 τοὺς
601 1140 722 1216 <ὡς>
750 1139 871 1219 ἀληθῶς
901 1138 1054 1221 ἄρχοντας,
1082 1157 1145 1216 quo
1175 1156 1239 1202 non
1263 1156 1354 1217 opUS,
1381 1143 1448 1203 vid.

272 1272 354 1329 qnae
375 1255 551 1316 Schanzius
571 1256 720 1326 (Hermes
740 1256 828 1330 XXI,
852 1255 947 1325 1886)
967 1256 1006 1316 de
1027 1252 1148 1337 ἀληθῶς
1168 1257 1202 1315 et
1216 1256 1256 1315 de
1270 1251 1309 1326 ὡς
1322 1252 1449 1332 ἀληθῶς

272 1369 459 1442 disputavit.
494 1369 533 1427 ln
567 1367 683 1428 Politia
714 1369 814 1429 octies
846 1365 977 1444 ἀληθῶς,
1008 1368 1221 1429 duodetricies
1253 1365 1293 1439 ὡς
1324 1365 1449 1445 ἀληθῶς

273 1482 419 1542 occurrit.
452 1481 520 1542 Sec.
553 1482 747 1542 Schanzium
778 1478 900 1557 ἀληθῶς
936 1483 1094 1541 recentior
1125 1481 1229 1542 forma
1263 1484 1315 1542 est
1346 1497 1448 1555 quam

273 1593 311 1667 ὡς
343 1594 474 1673 ἀληθῶς,
505 1613 704 1670 quamquam
727 1598 794 1657 iam
818 1613 867 1671 ap.
892 1597 1055 1671 Aristoph.
1081 1602 1142 1667 (ex.
1167 1612 1213 1671 gr.
1239 1597 1344 1670 Equit.
1372 1598 1450 1667 787)

273 1707 394 1786 ἀληθῶς
425 1711 544 1770 exstat.
570 1710 725 1770 Similiter
748 1710 871 1770 formae
893 1720 932 1792 τῷ
957 1706 1019 1769 ὄνοι
1043 1712 1077 1770 et
1099 1719 1133 1793 πῇ
1158 1707 1285 1792 ἀληθεία
1309 1709 1448 1782 antiqui·

272 1838 343 1883 ores
375 1826 452 1882 sunt
475 1838 573 1896 quam
598 1819 690 1894 ὄντας
713 1825 746 1883 et
769 1819 904 1904 οἰίηθείμ.
928 1824 966 1883 In
989 1823 1106 1883 Politia
1129 1823 1232 1884 semel
1256 1826 1289 1883 et
1312 1824 1449 1896 quadra·

272 1937 341 2008 gies
364 1946 402 2017 νῷ
427 1934 489 1995 ivn
509 1939 543 1997 et
563 1940 691 1997 tantum
710 1938 823 1998 novies
843 1934 944 2013 ὄντας,
964 1937 1242 2010 quinquiesdecies
1260 1946 1296 2020 τῇ
1316 1934 1451 2018 ἀληθείᾳ

272 2051 410 2109 occurrit
440 2046 579 2132 (ἀληθεία
609 2066 673 2111 non
700 2051 884 2119 invenitur).
910 2083 951 2093 -
976 2050 1021 2110 De
1045 2051 1154 2110 dativo
1178 2051 1285 2111 ionico
1310 2048 1450 2110 αι’ποῖσιν

276 2163 421 2222 videatur
446 2163 478 2223 Ο.
502 2164 608 2223 Ritter
635 2163 936 2235 (Untersuchungen
960 2163 1039 2223 iiber
1062 2163 1164 2224 Plato.
1190 2163 1309 2238 Stuttg.
1337 2163 1450 2238 1888),

273 2277 328 2348 qui
359 2275 432 2334 illas
460 2277 583 2336 formas
606 2277 638 2335 in
661 2293 705 2333 -οι
729 2277 886 2337 exeuntes
909 2276 941 2336 in
965 2276 993 2335 V
1016 2276 1151 2349 dialogis
1176 2276 1342 2352 (Phaedro,
1366 2276 1451 2337 Poli-

274 2389 348 2463 tice,
378 2388 505 2463 Politia,
537 2389 630 2464 Tim,
665 2390 771 2462 Legg.)
803 2391 948 2463 reperies
980 2404 1052 2448 esse
1083 2389 1200 2450 docuit.
1225 2388 1361 2449 Politiae
1386 2389 1454 2450 loci

273 2503 351 2561 sunt
368 2502 456 2562 hice:
479 2503 542 2562 345
556 2502 590 2577 E,
612 2504 675 2562 388
689 2502 714 2561 Ι)
734 2505 912 2580 (σμικροῖσι),
934 2503 997 2562 889
1010 2503 1037 2561 Β
1056 2506 1184 2578 (θεοῖσι),
1209 2502 1273 2563 468
1286 2502 1312 2561 D
1333 2500 1455 2572 (νώτοι-

272 2631 319 2672 σιν
345 2631 386 2675 θΧ
409 2614 527 2690 Hom),
554 2617 617 2676 560
641 2616 666 2674 Ε
690 2615 870 2694 (μεγάλοισι),
896 2617 960 2675 564
982 2614 1005 2675 O
1029 2613 1175 2690 (αὐτοῖσι),
1201 2615 1310 2675 607Β
1335 2618 1453 2683 (κενεα-

270 2726 397 2806 γορίαισι
417 2744 458 2788 ex
478 2730 572 2802 poeta
592 2728 720 2801 aliquo).
741 2730 778 2787 In
802 2728 981 2803 „Legibus”
1002 2728 1132 2788 dativus
1152 2728 1281 2788 Ionicus
1293 2727 1454 2801 frequens

272 2842 332 2901 est.
356 2842 393 2900 In
417 2841 552 2902 Politiae
575 2843 654 2902 locis
679 2843 895 2903 animadverti
918 2842 1035 2914 ubique
1060 2841 1172 2911 (5640
1196 2842 1340 2915 excepto)
1364 2841 1453 2902 litte·

270 2970 342 3014 ram
373 2969 384 3011 ι
416 2957 474 3015 aut
504 2956 693 3029 praecedere
724 2958 782 3016 aut
808 2956 916 3029 sequi:
944 2957 1007 3015 345
1028 2955 1053 3014 Ε
1079 2951 1144 3032 οὐχὶ
1167 2952 1312 3030 αὐτοῖσιν,
1334 2955 1402 3014 388
1424 2956 1453 3015 D

270 3065 318 3125 ἐπὶ
349 3071 495 3145 σμικροῖσι
528 3067 698 3144 παθήμασι,
730 3069 839 3130 389Β
871 3078 910 3150 τῷ
942 3065 1004 3128 ὄντι
1031 3072 1139 3144 θεοῖσι,
1163 3068 1271 3129 cedd
1296 3066 1453 3146 μεγάλοισι

270 3176 367 3239 viltor.
401 3180 461 3256 Qui
492 3181 669 3256 euphoniae
701 3197 800 3242 causa
831 3173 1001 3242 Platonem
1033 3183 1079 3242 sic
1114 3182 1284 3255 scripsisse
1318 3182 1450 3257 putant,

272 3295 352 3354 mihi
383 3291 561 3373 &proclivem
592 3295 697 3355 dicere
729 3296 887 3355 videntur.
920 3296 998 3355 Tres
1026 3297 1103 3354 sunt
1126 3310 1178 3354 res
1202 3295 1235 3354 in
1259 3295 1355 3354 textu
1379 3294 1450 3355 Pla·

270 3409 385 3483 tonino,
422 3423 504 3481 quae
539 3423 558 3468 a
591 3409 669 3467 viris
705 3408 807 3468 doctis
841 3408 984 3468 nondum
1019 3409 1100 3468 satis
1136 3407 1315 3481 explicatae
1350 3409 1447 3468 sunt:

270 3521 400 3579 dativus
423 3521 552 3581 Ionicus
567 3514 588 3591 ²)
611 3521 812 3595 (praesertim
837 3521 870 3580 in
894 3521 1125 3581 recentioribus
1149 3520 1283 3593 dialogis
1308 3520 1447 3595 obvius),

272 3632 376 3692 forma
406 3633 515 3693 Ionica
546 3630 603 3691 αἰεί
634 3634 677 3703 (in
709 3635 859 3694 omnibus
887 3633 1038 3708 dialogis;
1064 3635 1097 3693 in
1121 3634 1302 3694 Phaedonis
1325 3649 1448 3708 papyro

272 3760 368 3819 saepe
392 3742 450 3804 αἰεὶ
474 3748 632 3821 occurrit),
656 3746 766 3807 littera
789 3747 803 3819 ξ
827 3749 861 3808 in
884 3748 1055 3822 praeposit.
1081 3747 1150 3819 ξνν-
1174 3747 1301 3819 (ubique
1322 3747 1447 3822 conspi-

269 3863 350 3928 cua).
370 3850 589 3934 rQuamquam
621 3860 713 3920 Plato
744 3861 777 3920 in
808 3861 1026 3922 adolescentia
1056 3859 1238 3933 tragoedias
1275 3859 1450 3935 scripsisse

272 3971 382 4047 fertur,
407 3987 470 4032 non
494 3973 559 4032 illis
582 3975 695 4033 tamen
722 3974 857 4046 poeticis
880 3975 997 4034 studiis
1021 3988 1119 4032 usum
1144 3973 1324 4034 formarum
1344 3973 1449 4047 epica-

274 4100 347 4144 rum
379 4087 412 4145 et
433 4086 617 4146 Ionicarum
637 4088 863 4161 imputandum
888 4102 1015 4161 censeo,
1039 4087 1096 4149 sed
1119 4086 1227 4160 potius
1251 4086 1345 4147 credo
1371 4101 1450 4146 eum

276 4273 491 4282 ψ...-

306 4401 325 4468 1)
344 4406 504 4464 Quamquam
531 4419 713 4465 nonnunquam
741 4403 790 4467 (ex.
817 4420 855 4466 gr.
877 4403 964 4466 Lysid.
990 4406 1037 4454 ica
1053 4401 1085 4470 A)
1107 4410 1238 4466 ποιμαίνειν
1260 4402 1330 4454 idem
1354 4409 1395 4455 est
1421 4421 1451 4456 ac

272 4488 419 4547 θεραπεύειν,
438 4486 479 4530 hic
497 4499 557 4532 vero
574 4491 704 4545 ποιμαίνειν
721 4487 825 4547 proprio
843 4499 921 4532 sensu
938 4486 1123 4545 accipiendum.

304 4557 324 4623 Β)
342 4562 372 4608 In
390 4575 452 4610 voce
471 4567 584 4627 Ἀθήνῃσι
602 4564 681 4612 dativi
695 4565 775 4612 Ioniei
792 4565 874 4612 forma
892 4565 992 4612 mansit.
