3000 5018
773 296 792 354 4

199 481 299 541 blicae
330 481 434 541 torma
464 480 567 540 altera
596 480 635 540 de
657 481 783 539 iustitia
805 480 942 554 bonique
965 481 1037 540 idea
1060 481 1162 540 multo
1186 483 1373 554 graviorem

199 594 304 654 visam
336 609 408 654 esse
439 594 492 653 vel
518 593 624 653 solum
648 591 990 669 nomenclaturam,
1014 609 1076 666 quo
1100 595 1183 667 apud
1208 594 1372 669 Olympio·

198 709 312 769 dorum
337 708 529 780 Respublica
551 709 717 780 praetereo
739 708 838 782 audit,
863 708 1055 769 documento
1079 709 1130 767 est
1153 702 1182 778 ¹).

763 958 804 1018 II.

240 1160 286 1220 Ut
307 1161 373 1220 iam
397 1174 495 1233 supra
516 1160 734 1234 inscriptionis
754 1159 986 1234 additamenta,
1007 1159 1054 1219 sic
1074 1175 1158 1219 nunc
1178 1162 1211 1220 et
1230 1160 1371 1220 Politiae

195 1273 228 1332 in
249 1274 358 1333 decem
380 1274 478 1333 libros
497 1273 689 1332 divisionem
708 1272 936 1332 Alexandrinis
949 1272 1132 1347 tribuimus,
1146 1287 1226 1344 quos
1239 1274 1371 1333 constat

196 1388 266 1445 tam
300 1387 495 1460 Thucydidis
529 1400 628 1459 quam
663 1385 816 1445 Herodoti
847 1385 968 1458 scripta
1002 1385 1035 1444 in
1066 1385 1164 1445 libros
1198 1385 1368 1458 divisisse;

195 1514 359 1573 quumque
389 1499 622 1572 Aristophanes
653 1498 830 1569 Byzantius
861 1497 1005 1557 Platonis
1036 1512 1132 1571 opera
1161 1498 1194 1557 in
1221 1498 1370 1570 trilogias

116 1680 118 1684 ¹
194 1613 333 1686 partitus
353 1613 406 1687 sit,
426 1612 547 1671 nullius
566 1611 720 1670 audaciae
740 1612 792 1670 est
808 1625 937 1670 sumere
950 1610 1089 1670 eundem
1103 1610 1201 1670 simul
1214 1610 1368 1670 Politiam

194 1729 227 1788 et
249 1728 361 1802 Leges,
382 1740 492 1787 crassa
512 1726 687 1799 volumina,
709 1725 741 1783 in
762 1724 885 1796 aliquot
904 1724 970 1783 fere
993 1738 1113 1797 aequas
1133 1727 1243 1797 partes
1263 1724 1368 1783 distri·

193 1842 312 1902 buisse.
338 1840 395 1901 (lui
419 1840 558 1914 opinioni
585 1855 648 1899 non
671 1840 863 1899 adversatur
886 1841 963 1897 nota
986 1839 1025 1898 A.
1052 1839 1145 1898 Gellii
1165 1839 1252 1908 (XIV
1272 1841 1303 1908 3)
1328 1840 1369 1900 de

193 1956 370 2031 separatim
401 1956 486 2016 edita
516 1955 631 2015 Politia
661 1954 802 2013 narratio
837 1953 949 2027 „lectis
973 1953 1093 2013 duobus
1112 1954 1176 2028 scre
1200 1954 1287 2013 libris
1311 1955 1369 2026 qui

192 2070 288 2143 primi
310 2071 343 2129 in
368 2070 485 2142 vulgus
508 2069 693 2140 exierant”;
718 2081 796 2125 nam
820 2068 889 2126 sive
914 2082 1042 2126 merum
1062 2069 1122 2128 hoc
1141 2071 1367 2130 commentum

193 2188 253 2259 est,
285 2186 321 2242 ut
352 2183 474 2243 Zellero
505 2182 642 2251 videtur,
667 2181 735 2239 sive
760 2196 874 2240 revera
897 2181 1013 2241 Politia
1037 2181 1267 2242 additamentis
1290 2197 1367 2256 pau·

192 2297 285 2356 latim
316 2296 428 2369 crevit,
460 2294 583 2354 Gellius
615 2293 666 2352 vel
696 2293 803 2366 potius
834 2294 864 2351 is
894 2294 948 2365 qui
980 2294 1067 2353 illius
1098 2295 1225 2355 fabulae
1253 2297 1368 2356 auctor

192 2414 252 2486 est,
283 2411 353 2471 sine
384 2409 479 2469 dubio
510 2422 609 2480 quum
639 2407 746 2467 verbis
777 2407 842 2466 illis
872 2407 959 2467 libris
978 2409 1042 2482 fero
1065 2409 1185 2469 duobus
1208 2411 1367 2486 uteretur,

192 2526 231 2585 de
254 2525 367 2584 eadem
390 2523 543 2582 librorum
569 2535 667 2592 quam
696 2521 729 2579 et
752 2536 811 2579 nos
835 2520 986 2580 novimus
1010 2522 1167 2580 divisione
1190 2523 1367 2598 cogitabat,

191 2652 388 2711 quamquam
420 2637 508 2696 nullo
539 2636 634 2695 modo
665 2651 706 2694 ex
738 2636 847 2694 decem
881 2635 946 2694 illis
977 2636 1038 2695 duo
1063 2637 1114 2696 vel
1141 2637 1207 2696 iere
1231 2638 1294 2697 duo
1319 2638 1369 2698 sic

191 2750 265 2822 eligi
288 2751 423 2822 possunt
447 2750 484 2809 ut
508 2750 614 2808 totum
639 2747 790 2808 efficiant.

236 2862 370 2937 Qualem
400 2877 531 2936 operam
564 2861 796 2934 Aristophanes
827 2860 972 2920 Platonis
1004 2861 1133 2935 scriptis
1164 2862 1297 2923 edendis
1328 2879 1369 2924 ac

191 2974 386 3047 corrigendis
416 2970 608 3046 impenderit
638 2974 859 3045 quantumque
890 2987 974 3032 nova
1009 2987 1028 3032 a
1059 2974 1185 3047 vulgari
1212 2975 1369 3052 (ὃημώὸει)

192 3087 329 3146 editione
350 3086 568 3160 discrepuerit,
588 3100 651 3144 non
673 3085 812 3158 amplius
832 3083 963 3144 definire
983 3086 1069 3160 licet,
1089 3087 1198 3160 itaque
1218 3090 1368 3162 praestat

192 3200 335 3259 virorum
367 3198 543 3272 doctorum,
577 3198 667 3256 velut
698 3197 860 3256 Mahaffeii
874 3190 896 3267 ²)
927 3198 1048 3268 (hiatus
1071 3198 1111 3257 ab
1135 3200 1367 3262 Alexandrinis

191 3312 301 3372 sedulo
325 3311 478 3384 expulsos
502 3324 573 3368 esse
601 3310 767 3384 putantis),
792 3310 1057 3370 hariolationibus
1081 3310 1178 3372 fidem
1201 3329 1367 3376 recusare.

192 3425 269 3483 Post
288 3427 398 3483 autem
418 3424 485 3483 fere
505 3423 763 3495 sesquiseculum
783 3423 861 3482 haec
882 3423 978 3484 editio
994 3425 1044 3483 tot
1060 3425 1225 3499 tantisque
1238 3427 1368 3488 mendis

192 3538 319 3612 oppleta
349 3537 449 3595 fuisse
481 3535 608 3595 videtur
639 3537 676 3593 ut
710 3535 848 3609 Atticus,
881 3535 909 3594 si
941 3551 1018 3596 vera
1049 3539 1126 3597 sunt
1156 3553 1238 3610 quae
1269 3556 1300 3600 v.
1335 3540 1366 3602 d.

90 3738 93 3745 Ι
192 3651 318 3710 Usener
347 3649 380 3708 in
410 3649 510 3708 diario
545 3648 649 3723 „uotu
683 3647 832 3707 Gelehrte
855 3648 971 3709 Nachr.
998 3650 1105 3709 1892’‘
1130 3652 1278 3724 perdocte
1303 3652 1368 3712 dis·

192 3763 328 3838 putavit,
360 3761 504 3821 melioris
535 3761 684 3820 editionis
715 3760 876 3834 parandae
907 3763 1078 3823 consilium
1106 3763 1234 3837 ceperit.
1261 3762 1369 3824 clarui

194 3877 327 3951 Usener,
363 3875 415 3934 cui
445 3874 528 3933 Weil
564 3873 788 3948 adstipulatur,
823 3889 886 3932 non
925 3876 1021 3934 modo
1055 3876 1199 3935 Platonis
1233 3877 1369 3938 textum

194 3991 323 4066 qualem
355 3987 480 4050 codices
510 3987 603 4046 nobis
632 3986 833 4046 tradiderunt
864 4002 905 4046 ex
937 3986 1037 4046 Attici
1072 3988 1203 4049 libraria
1236 3988 1370 4052 officina

195 4190 411 4199 ——-—-——·

227 4330 246 4390 ¹)
263 4334 319 4380 Vid.
345 4336 479 4392 praeterea
504 4333 614 4392 Etymol.
640 4334 706 4392 Mag.
733 4347 759 4393 p.
782 4335 822 4380 31.
832 4335 863 4382 17
890 4336 1048 4392 ἀσμιναίτατα
1073 4335 1151 4394 μέντοι
1178 4337 1280 4382 Πλάτων
1301 4340 1327 4383 io
1346 4339 1369 4386 α’

195 4417 321 4459 Πολιτικῶν
337 4411 371 4468 (v.
388 4411 404 4461 l.
424 4415 549 4458 Πολιτιίωι
566 4415 592 4457 et
609 4412 748 4469 Romulae).
768 4413 896 4459 Antiattto.
920 4413 983 4460 Bkk.
1005 4414 1093 4460 anecd.
1111 4427 1135 4472 p.
1157 4413 1211 4461 100.
1222 4415 1251 4461 21
1272 4415 1372 4473 ἰδίωσις·

195 4496 291 4539 Πλάτων
309 4493 409 4554 τετάρτῳ
427 4484 453 4553 (l.
472 4485 579 4553 πέμπτῳ)
599 4495 732 4537 Πολιτικῶν.

226 4568 246 4635 ²)
264 4568 443 4627 Ounningham
462 4568 582 4614 memoirs
602 4569 673 4614 1891.
693 4569 731 4615 On
749 4569 792 4614 the
810 4569 927 4616 Plinders
944 4568 1015 4617 Petri
1032 4572 1131 4631 papyri.
