3000 5018
522 1306 695 1389 LIBER
719 1306 999 1406 QUARTUS.

660 1561 854 1569 ———-

93 1588 188 1665 Ρη.

93 1716 113 1774 k
213 1735 356 1809 Vulgata
375 1733 536 1795 καὶταῦτα
559 1732 594 1795 δι’
621 1734 745 1808 ἑαυτοὺς
768 1739 835 1798 iam
855 1754 875 1798 a
896 1737 1058 1811 Stephano
1078 1734 1253 1795 sollicitata
1273 1734 1344 1810 fuit,

152 1840 304 1910 iniuria:
326 1842 361 1908 δι’
384 1846 493 1920 αὐτοὺς
513 1849 673 1923 significat
696 1866 776 1925 „sua
792 1851 936 1925 ipsorum
948 1850 1085 1925 grarrass’
1103 1863 1180 1908 nam
1194 1848 1344 1908 custodes

153 1954 300 2022 luxuria
333 1961 477 2023 fruentes
512 1963 532 2022 i.
565 1979 592 2023 e.
629 1965 786 2024 laxiorem
818 1963 921 2024 vitam
960 1964 1113 2036 degentes
1149 1962 1345 2033 degenerant

154 2071 186 2136 i.
220 2090 249 2135 e.
281 2076 342 2136 sibi
373 2076 435 2149 ipsi
465 2080 591 2152 nocent,
622 2079 732 2151 itaque
757 2094 831 2138 cum
855 2077 919 2138 leni
943 2077 1011 2137 risu
1036 2078 1115 2136 haec
1140 2076 1225 2135 dicta
1248 2076 1343 2150 sunt;

156 2199 346 2261 pronomen
369 2178 411 2248 ὧν
434 2190 533 2263 igitur
556 2193 596 2251 ad
619 2192 742 2261 τούτους
765 2190 835 2261 τοὺς
855 2187 966 2270 ἄνδρας
987 2190 1127 2250 relatum
1148 2189 1342 2262 oportuerat.

158 2302 284 2361 Astius
307 2303 437 2363 vertens
460 2319 520 2362 suo
542 2304 683 2378 ipsorum
706 2304 798 2379 culpa
818 2305 951 2380 fallitur,
975 2319 1051 2364 nam
1076 2303 1249 2363 custodum
1273 2316 1343 2362 con·

159 2414 325 2474 ditionem
353 2411 519 2491 νομοθέτης
544 2412 716 2492 (Socrates)
740 2418 955 2477 constituerat
979 2416 1063 2494 (vide
1088 2413 1341 2494 schneiderum).

161 2525 390 2587 Buttmannus
415 2521 630 2607 (improbante
654 2529 783 2590 Hellero
805 2529 876 2590 Gur.
902 2531 971 2590 crit.
996 2545 1025 2603 p.
1048 2528 1101 2606 23)
1123 2531 1161 2590 ci.
1183 2527 1220 2603 δὴ
1233 2527 1343 2599 αὐτοὺς

164 2630 211 2698 ὧν
230 2643 291 2717 κτλ,
310 2640 546 2700 Herwerdenus
567 2643 678 2701 autem
699 2640 773 2718 (Mn.
799 2641 895 2720 1891)
917 2635 1168 2772 suspicatusdn
1187 2641 1343 2714 Monacq

167 2788 208 2854 δι’
234 2795 321 2856 inter
340 2811 454 2857 versus
474 2795 537 2874 est)
558 2799 592 2858 in
611 2800 785 2872 archetypo
805 2799 907 2858 fuisse
926 2805 1017 2856 τοῦτο
1029 2795 1138 2867 αὐτοὺς
1152 2787 1343 2875 ὧνθοηὶθθὶῐ

167 2917 259 2969 ταῦτα
293 2907 402 2981 αὐτοὺς
438 2903 478 2968 δι’
517 2901 569 2987 ὧν,
598 2912 758 2986 pessime;
790 2911 921 2971 attende
953 2884 1041 2972 enim
1073 2926 1224 2970 sensum:
1258 2910 1344 2970 haud

168 3021 279 3082 felices
321 3021 422 3082 efficis
466 3024 525 3083 hos
560 3024 656 3099 viros,
693 3040 795 3097 quum
829 3027 942 3085 tamen
977 3024 1039 3099 ipsi
1073 3024 1139 3083 sint
1172 3025 1236 3099 qui,
1269 3023 1344 3083 licet

169 3131 224 3211 l:
243 3129 307 3211 μὲν,
330 3150 368 3195 ea
391 3136 479 3196 enim
503 3139 554 3197 est
577 3139 608 3197 h.
633 3138 653 3197 l.
680 3138 730 3197 vis
753 3138 986 3212 particularum
1010 3133 1116 3213 μὲν-
1134 3131 1175 3206 δὲ)
1199 3137 1343 3196 civitatis

169 3248 289 3308 domini
319 3248 395 3324 sint,
428 3250 508 3309 nihil
538 3251 613 3310 boni
643 3266 684 3310 ex
716 3266 755 3311 es
784 3250 973 3323 percipiunt.
1007 3284 1047 3292 -
1080 3250 1254 3322 Vulgatam
1278 3241 1343 3308 οἷον

172 3359 271 3433 <οἱ>
298 3358 381 3422 ἄλλοι
404 3363 506 3424 Belin
530 3366 563 3423 et
584 3365 696 3424 Stallb.
718 3369 804 3424 recte
825 3365 1005 3423 servarunt.
1026 3363 1254 3436 Respiciuntur
1273 3362 1344 3423 sive

168 3470 303 3553 ἄρχοντες
334 3478 367 3536 et
391 3477 541 3536 custodes
567 3478 706 3536 aliarum
730 3477 860 3536 urbium
885 3473 934 3553 (ut
958 3477 1040 3535 inire
1065 3477 1170 3535 42οΑ
1194 3474 1291 3554 ὥσπερ
1315 3475 1347 3535 οἱ

168 3581 261 3663 ἄλλοι)
291 3588 361 3648 sive
389 3589 504 3660 reliqui
528 3589 626 3664 cives,
655 3590 709 3661 qui
734 3589 865 3648 etiamsi
888 3604 951 3648 non
978 3603 1091 3649 omnes
1114 3589 1232 3649 divites
1256 3591 1343 3665 sunt,

168 3700 389 3773 possessiones
409 3702 574 3773 acquirere
596 3717 660 3761 non
680 3702 888 3775 prohibentur
910 3698 994 3778 (vide
1007 3702 1041 3762 E.
1057 3719 1086 3762 v.
1100 3702 1344 3762 Voonrrrurssr

169 3812 214 3873 De
234 3813 378 3873 Platonis
400 3814 544 3874 doctrina
565 3815 603 3874 de
620 3815 847 3874 communione
860 3815 1017 3875 bonorum
1030 3817 1090 3874 etc.
1107 3812 1343 3890 1850U1traj.).

170 3926 302 4000 Propter
324 3926 554 3987 Schneiderum
575 3942 690 3986 moneo
710 3927 878 4001 participia
898 3924 1081 4004 κεκτημένοι,
1098 3925 1345 4003 οἰκοδομούμενοι

169 4042 220 4098 etc
242 4038 283 4099 ad
306 4035 396 4115 tuor
413 4040 579 4100 referenda
603 4054 685 4100 esse.
711 4040 821 4099 Obiter
844 4041 966 4113 corrige
990 4036 1087 4115 νυνδὴ
1111 4040 1131 4099 1.
1157 4055 1185 4100 θ.
1209 4036 1281 4116 ἄρτι.
1301 4072 1345 4080 -

169 4151 244 4211 Mox
273 4151 461 4212 Badhamus
494 4151 642 4229 (Phaedri
673 4146 788 4234 praef.)
814 4154 852 4213 ci.
878 4151 1030 4230 ἐπίκουροι
1055 4149 1233 4228 [μισθωτοὶ],
1258 4153 1344 4213 reete

168 4265 255 4341 pute,
288 4279 363 4325 oum
395 4266 539 4326 Platonis
570 4267 677 4325 aetate
709 4265 901 4324 mercenarii
921 4265 1113 4324 vocarentur
1141 4261 1294 4344 ἐπίκουροι
1317 4280 1344 4324 s.

168 4375 313 4454 μισθωτοὶ
333 4394 392 4439 nec
412 4380 545 4439 dubium
566 4380 610 4439 sit
630 4379 706 4451 quin
726 4379 923 4437 Adimantus
942 4379 981 4436 de
994 4379 1203 4438 mercenariis
1215 4378 1344 4452 cogitet,

169 4491 297 4551 nonde
321 4492 417 4551 sociis
441 4507 535 4564 opem
560 4469 737 4552 serentibus
760 4490 886 4550 civitati
908 4490 1044 4551 amicae.
