3000 5018
719 290 758 348 21

148 473 232 531 inter
263 488 298 532 se
330 486 393 532 νον
416 473 597 542 contrariis)
621 471 653 532 τὸ
678 471 834 550 δαιμόνιόν
857 495 886 532 τε
909 470 1013 532 καὶτὸ
1038 477 1123 532 θεῖον
1146 476 1245 549 (Rep.)
1270 477 1322 537 vel

149 582 164 644 ὁ
188 582 301 643 ἀδικῶν
324 606 352 643 τε
376 582 425 643 καὶ
450 581 465 644 ὃ
489 582 591 655 ἄδικός
616 583 744 662 (dorp).
769 587 939 646 Postrema
962 588 1086 646 ratione
1110 603 1206 662 saepe
1227 590 1323 650 Hero-

150 699 245 758 dotus
276 714 356 758 usus
384 701 444 773 est,
470 699 508 758 ci.
534 714 584 758 err.
610 700 728 772 guill
754 700 794 759 16
818 699 889 775 ult,
916 701 987 760 109.
1020 701 1051 759 ΙΙ
1078 702 1150 774 115,
1178 703 1250 778 154,
1273 703 1324 762 vel

150 813 184 870 in
208 811 393 871 nominibus
416 811 639 871 numeralibus
662 812 834 872 afferendis
857 828 887 872 v.
906 829 932 872 c.
954 805 995 884 εἷς
1012 834 1041 871 τε
1060 810 1109 870 καὶ
1132 812 1314 889 πεντήκοντα

152 924 273 1000 Quarta
310 925 445 997 denique
480 925 761 985 substantivorum
793 925 1044 1001 copulandorum
1074 927 1157 987 ratio
1191 942 1230 986 ea
1264 930 1325 1002 est,

150 1052 214 1110 qua
245 1038 326 1097 coni.
359 1058 387 1095 τε
420 1037 535 1097 statim
568 1040 642 1111 post
672 1037 847 1098 articulum
869 1039 1015 1113 ponitur;
1047 1039 1252 1099 conferantur
1276 1054 1325 1113 ap.

150 1150 232 1211 Plat.
266 1152 345 1211 haec
376 1151 451 1222 (alia
480 1167 521 1211 ex
551 1152 625 1211 aliis
656 1152 791 1226 dialogis
822 1145 1005 1227 desumpta)
1037 1154 1204 1227 exempla:
1238 1151 1270 1211 τό
1297 1173 1326 1212 τε

151 1261 252 1341 ἄρτιον
283 1261 333 1322 καὶ
364 1261 395 1323 τὸ
426 1262 570 1342 περιττόν,
599 1263 669 1335 τούς
699 1286 728 1323 τε
752 1264 869 1342 μείζους
892 1263 941 1324 καὶ
964 1264 1033 1336 τοὺς
1057 1263 1202 1341 ἐλάττους,
1224 1264 1275 1336 τάς
1298 1286 1327 1324 τε

152 1375 317 1456 ἀναγκαίας
341 1374 502 1454 ἐπιθυμίας
526 1374 575 1435 καὶ
599 1374 649 1448 τὰς
673 1376 724 1454 μή,
747 1376 777 1437 τό
800 1399 829 1436 τε
852 1375 888 1436 ὃν
911 1375 961 1436 καὶ
985 1376 1017 1437 τὸ
1038 1375 1079 1453 μὴ
1100 1374 1329 1453 dv,a1is.Non

151 1506 223 1550 raro
247 1491 280 1550 in
305 1491 425 1550 talibus
449 1491 531 1551 alter
554 1491 711 1552 articulus
730 1491 763 1551 in
783 1492 872 1551 codd.
894 1492 1036 1551 omissus
1057 1494 1118 1566 est,
1138 1482 1222 1564 quod
1235 1494 1327 1553 casui

151 1605 201 1663 vel
237 1605 379 1664 incuriae
410 1605 626 1680 librariorum,
660 1605 745 1664 haud
777 1605 943 1678 scriptoris
972 1606 1006 1663 in
1035 1605 1201 1666 scribendo
1232 1605 1328 1678 negli-

147 1718 275 1791 gentiae
308 1697 515 1776 tribuendum
548 1733 620 1778 esse
652 1732 715 1777 nou
747 1719 842 1777 modo
871 1717 1065 1778 creberrima
1089 1718 1248 1793 exempla,
1274 1719 1329 1779 ubi

149 1830 308 1891 articulus
332 1832 483 1890 servatus
507 1833 567 1905 est,
592 1831 826 1905 demonstrant,
851 1831 908 1890 sed
928 1831 1121 1904 praesertim
1142 1831 1212 1905 ipsa
1232 1831 1329 1890 huius

150 1943 363 2018 copulationis
400 1943 458 2018 vis,
495 1958 577 2015 quae
608 1943 734 2002 omuino
760 1959 826 2017 par
857 1945 908 2003 est
938 1944 1107 2016 copulandi
1135 1960 1191 2019 per
1213 1940 1329 2002 καὶ-καὶ

150 2057 277 2116 rationi.
310 2056 380 2115 Non
411 2056 518 2116 solum
551 2057 649 2130 igitur
680 2057 836 2116 articulus
867 2056 916 2126 (cf.
949 2056 1027 2131 Rep.
1051 2058 1115 2116 433
1140 2058 1177 2126 D)
1200 2073 1329 2131 semper

149 2169 315 2229 iterandus
339 2171 399 2244 est,
424 2170 481 2228 sed
505 2168 605 2229 etiam
629 2169 781 2229 adverbia
804 2163 824 2238 ¹)
849 2171 881 2228 et
903 2170 1156 2243 praepositiones
1178 2171 1227 2239 (ci.
1249 2171 1327 2245 Rep,

150 2283 213 2342 429
240 2281 322 2352 OD).
348 2283 426 2343 Fere
458 2282 575 2355 ubique
607 2283 695 2343 nullo
726 2283 854 2355 negotio
878 2283 1035 2344 articulus
1060 2283 1111 2343 vel
1134 2284 1328 2357 praepositio

151 2396 296 2456 revocari
327 2397 444 2473 potest,
475 2397 559 2469 quod
582 2397 637 2456 ubi
661 2395 731 2457 fieri
754 2396 866 2470 nequit
889 2399 946 2457 aut
969 2418 998 2456 τε
1021 2398 1054 2456 in
1078 2419 1109 2476 με
1133 2399 1326 2458 mutandum

153 2514 194 2579 (v.
220 2526 246 2569 c.
272 2510 365 2585 Hipp.
387 2509 459 2570 Mai.
482 2511 545 2570 285
568 2509 601 2586 0,
622 2510 676 2570 ubi
695 2511 889 2585 praecedens
910 2508 982 2570 dili
1004 2527 1105 2586 paene
1126 2511 1246 2570 clamat
1258 2511 1326 2570 Pla·

150 2625 263 2683 tonem
299 2623 467 2697 scripsisse
503 2620 724 2702 ἀλλὰ....ττερί
755 2645 787 2702 γε
821 2622 1000 2702 γραμμάτων
1033 2620 1083 2681 καὶ
1115 2627 1164 2681 κτλ
1196 2624 1216 2683 i.
1242 2625 1328 2683 eat

151 2736 270 2796 saltem
302 2738 374 2806 etc.)
405 2739 462 2796 aut
493 2758 521 2795 τε
553 2738 626 2811 post
657 2737 900 2798 substantivum
931 2737 1149 2810 reponendum
1172 2730 1204 2806 2).
1236 2736 1328 2796 Nunc

152 2851 324 2909 redeamus
346 2851 386 2910 ad
410 2853 521 2911 nostra
545 2851 643 2911 verba
666 2848 717 2909 τὸν
741 2850 829 2925 φίλον
852 2848 902 2909 καὶ
923 2848 1041 2929 ἐχθρόν,
1063 2867 1145 2924 quae
1165 2850 1245 2910 milri
1265 2865 1328 2909 non

153 2964 263 3022 minus
286 2966 435 3039 corrupta
459 2964 609 3024 videntur
632 2979 729 3036 quarn
750 2965 849 3024 verba
873 2964 977 3035 (Gorg.
1000 2965 1063 3022 499
1085 2965 1123 3031 Α)
1140 2960 1191 3022 τὸν
1211 2960 1329 3041 ἀγαθὸν

153 3073 203 3134 καὶ
235 3076 338 3153 κακόν,
354 3078 456 3152 ’(Βθμ.
482 3079 548 3137 400
571 3077 597 3136 D
622 3070 655 3148 3))
679 3074 710 3136 τὸ
735 3067 917 3155 εὐάρμοστον
941 3074 991 3135 καὶ
1015 3074 1210 3154 ἀνάρμοστον,
1233 3077 1329 3146 (ibid.)

154 3188 221 3268 περὶ
251 3198 304 3249 τοῦ
335 3190 465 3250 δυνατοῦ
489 3187 539 3249 καὶ
562 3189 612 3268 μή,
635 3192 752 3264 (Gorg.)
776 3188 918 3269 περὶτοῦ
942 3188 1055 3249 ἀδικεῖν
1078 3187 1127 3248 καὶ
1151 3186 1330 3264 ἀδικεῖσθαι,

155 3304 240 3372 (ibid.
263 3305 325 3364 517
339 3304 373 3373 Ε)
399 3301 425 3379 i',
447 3325 474 3361 τι
498 3301 530 3362 τὸ
553 3300 678 3381 χρηστὸν
702 3300 752 3360 καὶ
775 3301 919 3380 πονηρόν,
943 3303 1030 3376 (Rep.
1045 3304 1109 3362 378
1122 3303 1161 3372 A)
1185 3299 1331 3361 τὰ...τοῦ

158 3415 278 3491 Κρόνον
311 3414 380 3494 ἔργα
411 3413 460 3474 καὶ
492 3415 578 3493 πάθη
606 3414 666 3474 ὑπὸ
689 3424 742 3475 τοῦ
766 3413 855 3490 υἱέος,
879 3416 952 3476 alia.
977 3417 1014 3474 In
1038 3416 1089 3474 his
1113 3418 1147 3475 et
1170 3415 1331 3474 similibus

157 3533 236 3592 locis
267 3530 388 3589 librarii
419 3531 515 3590 modo
548 3530 744 3603 negligentia
774 3530 827 3589 vel
858 3529 1033 3589 articulum
1066 3529 1116 3588 vel
1141 3528 1332 3588 coniunctio-

158 3661 234 3705 nem
258 3665 287 3702 τε
311 3648 421 3716 (quam
453 3643 636 3703 sexcenties
660 3642 745 3702 male
769 3643 926 3710 inserunt)
950 3642 1140 3717 omiserunt,
1166 3642 1259 3701 modo
1283 3641 1334 3700 lit·

158 3764 304 3821 terarum
328 3754 540 3816 similitudine
561 3755 685 3829 decepti
710 3756 805 3825 (sicut
827 3756 860 3814 in
885 3755 979 3829 uorg.
1005 3757 1067 3815 517
1090 3756 1115 3814 Ε
1137 3752 1186 3813 καὶ
1209 3757 1334 3814 ΤΟΠΟ-

196 4014 215 4074 ¹)
233 4018 271 4063 Of.
289 4016 411 4063 Herodot.
430 4015 456 4062 II
475 4016 522 4062 145
540 4017 585 4062 olel
603 4030 627 4061 τε
644 4017 784 4073 λυγιζόμενοι
803 4017 841 4061 καὶ
859 4017 903 4062 αἰεὶ
922 4018 968 4061 κτλ.

193 4091 211 4153 ²)
228 4095 311 4141 Huius
328 4095 415 4141 mendi
434 4095 505 4153 origo
522 4094 548 4140 in
568 4095 657 4154 aperto
676 4095 728 4140 est:
749 4093 771 4140 si
789 4096 947 4140 correctores
964 4094 1081 4140 voculam
1099 4109 1130 4147 τε,
1148 4107 1163 4138 a
1181 4093 1291 4138 librariis
1310 4094 1336 4138 in

157 4175 267 4221 formula
291 4189 315 4220 τε
339 4176 377 4220 καὶ
396 4174 539 4220 sexcenties
559 4174 689 4230 omissam,
712 4173 884 4232 negligentius
903 4173 971 4219 inter
989 4186 1079 4218 versus
1097 4172 1255 4231 addiderant,
1274 4185 1336 4217 non-

157 4266 287 4312 nunquam
311 4253 444 4299 accidebat
468 4254 498 4298 ut
520 4253 550 4314 is,
576 4252 618 4298 cui
638 4265 733 4299 novum
753 4253 930 4311 apographum
949 4252 1074 4297 conficere
1092 4251 1241 4309 impositum
1260 4253 1337 4314 esset,

157 4335 183 4378 in
208 4332 286 4379 dubio
306 4334 452 4380 versaretur
470 4344 594 4390 quorsum
616 4331 761 4378 coniunctio
779 4331 921 4390 pertineret
938 4333 1025 4376 utrum
1044 4331 1076 4376 sd
1098 4331 1286 4378 substantivum
1305 4344 1337 4375 sn

160 4412 194 4457 ad
212 4412 330 4470 copulam
349 4413 394 4458 nol.

192 4486 212 4548 ³)
231 4491 268 4536 Of.
291 4491 318 4536 in
340 4492 402 4549 Rep.
426 4491 452 4536 τὸ
476 4497 515 4548 τῆς
539 4493 714 4549 εὐσχημοσύνης
736 4504 760 4534 τε
779 4490 816 4534 καὶ
836 4491 1001 4548 ἀσχημοσύνης
1020 4496 1051 4551 τῷ
1071 4490 1180 4552 τῦρύθμῳ
1200 4502 1222 4534 τε
1241 4489 1279 4535 καὶ
1297 4489 1337 4551 ἃρ-

158 4573 243 4633 ρύθμῳ
262 4581 287 4616 et
307 4571 354 4617 400
374 4570 396 4616 D
416 4570 473 4616 ἀλλὰ
491 4569 536 4628 μὴν
554 4570 580 4615 τὸ
599 4569 719 4633 τῦρυθμόν
738 4586 762 4626 γε
780 4569 817 4614 καὶ
836 4569 862 4615 τὸ
880 4569 1010 4633 ἄρρυθμον.
