3000 5018
653 289 695 348 53

84 473 119 531 et
148 472 253 533 altero
280 476 309 530 A
331 474 454 534 omisso
477 473 597 533 sciolus
620 477 840 536 necessarium
864 492 1039 551 pronomen
1064 475 1167 536 alieno
1191 475 1261 534 loco

26 575 59 641 Β
85 585 256 646 inseruit.’'
280 577 300 669 ΙΙ
325 586 457 647 Hesiodi
481 601 596 646 versus
619 589 696 647 suut

263 705 338 760 τοῖσι
363 697 446 779 φέρει
468 696 522 776 μὲν
545 704 615 779 γαῖα
638 699 734 760 ττολδν
756 701 835 781 βίον,
858 699 958 782 οὔρεσι
981 698 1014 762 δὲ
1037 702 1110 781 δρῦς

264 809 340 892 ἄκρη
365 810 419 890 μέν
442 835 471 873 τε
495 810 578 892 φέρει
600 813 760 892 βαλάνους,
783 811 875 891 μέσση
899 811 931 874 δὲ
954 814 1100 893 μελίσσας,

264 924 414 1005 εἰροπόκοι
438 920 530 997 δ’ὄϊες
553 929 674 1004 μαλλοῖς
697 927 941 1006 καταβεβρίθασι,

262 1037 410 1099 τίκτουσιν
433 1035 466 1098 δὲ
488 1043 625 1119 γυναῖκες
649 1037 763 1100 ἐοικότα
786 1037 872 1100 ιίκνα
895 1047 1018 1101 τοκεῦσι.

130 1154 229 1216 Illum
252 1153 411 1228 pluralem
434 1150 526 1232 ἄκρας
550 1156 583 1214 et
606 1151 715 1231 μέσσας
738 1155 830 1216 Plato
854 1157 894 1217 ad
917 1152 969 1226 τὰς
992 1154 1064 1234 δρῦς
1084 1169 1261 1215 accommo-

86 1268 187 1342 davit,
218 1266 305 1328 sicut
335 1267 367 1327 in
400 1269 464 1327 362
487 1268 516 1326 A
539 1267 599 1328 ult.
623 1267 831 1346 καρπούμενον
855 1269 1031 1343 scripserat
1052 1283 1108 1342 pro
1132 1266 1263 1346 καρπού-

86 1402 184 1457 μενος.
207 1379 291 1440 Illud
314 1380 347 1439 in
371 1380 511 1440 secundo
536 1395 632 1440 versu
652 1380 881 1455 interpositum
900 1377 974 1457 φησὶ
994 1386 1032 1452 (s.
1052 1377 1167 1458 φησὶν),
1180 1380 1264 1453 quod

86 1494 212 1567 aliquot
241 1493 330 1555 codd.
362 1493 529 1569 omittunt,
561 1494 675 1554 abesse
705 1494 802 1555 malo.
834 1495 890 1570 lie,
918 1494 972 1568 qui
995 1490 1089 1571 φησὶν
1112 1493 1263 1568 retinent,

88 1622 245 1668 versuum
274 1607 414 1668 formam
445 1622 576 1668 servare
607 1607 780 1683 nonlicet,
805 1609 1016 1682 quamobrem
1040 1609 1127 1668 recte
1151 1606 1215 1666 388
1241 1606 1264 1667 O

88 1721 202 1781 Herm.
233 1720 331 1780 verba
353 1715 376 1778 t
400 1717 493 1778 τόποι
515 1718 610 1795 φάναι
634 1735 653 1779 a
678 1721 825 1781 versibus
848 1721 997 1781 secrevit.
1022 1722 1059 1781 In
1082 1719 1217 1780 Alcibid.
1233 1720 1264 1779 11

87 1852 119 1910 p.
154 1835 217 1894 143
248 1834 277 1892 A
301 1847 426 1906 quoque
450 1830 524 1908 φησὶ
548 1834 595 1893 sic
618 1834 845 1908 interpositum
870 1837 930 1909 est,
950 1834 1030 1894 item
1055 1835 1122 1894 Ion.
1149 1832 1270 1893 53111

37 1947 64 2015 6
91 1949 157 2010 588
193 1949 230 2009 Α.
263 1937 283 2029 ΙΙ
313 1946 384 2006 Par.
416 1935 456 2005 ΑΙ
488 1943 541 2018 ὑὸς
571 1948 703 2021 praebet
734 1946 819 2007 siout
850 1948 916 2007 fere
947 1947 1075 2022 ubique,
1107 1947 1179 2007 Par.
1211 1936 1265 2005 ΑΠ

87 2062 157 2133 (aut
190 2055 242 2130 ΑΙ)
278 2059 418 2120 correxit
450 2051 521 2131 διὸς.
552 2061 593 2120 Et
622 2062 656 2120 in
686 2060 810 2123 Veneto
841 2053 936 2131 tt‘tg
959 2060 1107 2121 occurrit.
1131 2061 1168 2123 In
1193 2059 1265 2120 aliis

87 2189 216 2248 quoque
248 2175 413 2236 vocabulis
443 2174 510 2235 iota
541 2176 794 2250 superscriptum
823 2175 857 2234 in
880 2175 951 2235 Par.
976 2174 1005 2234 A
1029 2173 1185 2234 cernitur:
1211 2165 1264 2230 ιἰἐι

87 2287 167 2359 (fere
197 2291 346 2364 semper),
370 2265 731 2367 ῥᾶστώνη,1ι”δην,ιιΙίο.
755 2289 825 2348 Non
850 2288 960 2348 dubito
984 2287 1061 2359 quin
1084 2286 1189 2347 forma
1213 2284 1266 2356 ὑὸς

87 2400 218 2461 Platoni
240 2401 329 2461 reddi
351 2401 476 2461 debeat.
501 2403 572 2461 Iota
591 2401 800 2475 superscripti
819 2401 952 2460 Bastius
972 2401 1159 2474 exemplum
1180 2399 1267 2459 dedit

88 2515 125 2574 in
149 2528 226 2574 voce
250 2512 398 2572 αἴδεσσαι.
422 2548 459 2555 -
489 2514 563 2574 Mox
582 2513 755 2586 legendum
779 2529 895 2574 censeo
915 2511 1074 2592 ἀγαγόντες
1097 2516 1146 2594 [τῷ
1166 2510 1266 2595 λόγμ],

91 2627 169 2701 quia
188 2642 245 2701 per
262 2629 370 2688 totum
383 2629 467 2687 hunc
479 2627 586 2687 locum
600 2642 653 2686 res
664 2625 759 2687 fictae
771 2627 944 2687 narrantur
956 2627 989 2686 et
1001 2626 1115 2686 statim
1129 2639 1268 2697 sequens

90 2748 212 2801 ττοιουσι
236 2741 314 2801 facit
331 2744 369 2800 ut
388 2740 443 2800 illo
464 2741 684 2800 additamento
704 2755 813 2801 carere
832 2740 1006 2815 possimus.
1024 2741 1061 2801 In
1073 2740 1091 2808 ἓ
1103 2739 1129 2797 D
1142 2753 1267 2813 quoque

27 2855 67 2921 l)
92 2855 213 2929 legitur
235 2854 445 2931 κατορύττουσι
469 2828 601 2915 omissis
624 2855 732 2914 verbis
754 2864 793 2935 τῷ
816 2852 902 2937 λόγῳ.
927 2845 946 2936 ΙΙ
968 2853 1066 2913 Cobet
1086 2852 1159 2921 (Mn.
1184 2851 1268 2912 1878

92 2989 124 3048 p.
149 2970 225 3040 351)
248 2969 390 3028 correxit
413 2967 525 3045 διάγειν
550 2967 742 3043 [μεθύοντας]
768 2971 827 3044 κτλ,
850 2968 934 3041 quod
957 2962 1168 3041 probandum,
1194 2965 1270 3039 quia

93 3099 136 3144 ex
159 3083 230 3157 ipsa
253 3081 300 3141 rei
323 3083 441 3141 natura
464 3083 515 3141 est
538 3083 574 3140 ut
596 3081 629 3155 ii,
651 3081 768 3155 quibus
789 3082 950 3141 coronatis
970 3081 1154 3141 convivium
1177 3093 1269 3153 appa·

92 3197 203 3257 ratum
235 3195 289 3268 sit,
317 3194 438 3254 bibant.
463 3193 583 3254 Vocem
608 3189 706 3270 μέθην
729 3208 792 3253 non
816 3195 850 3253 in
873 3194 996 3254 malam
1020 3194 1146 3267 partem
1170 3190 1270 3265 accipi

92 3309 229 3383 oportet.
267 3341 308 3350 -
344 3305 561 3381 dampbellius
591 3308 685 3380 putat
717 3306 886 3365 Platonem
917 3307 949 3364 in
981 3302 1183 3381 σνμττόσιον
1214 3310 1272 3361 τῶν

94 3417 187 3481 ὁσίων
218 3421 329 3480 lusum
356 3421 526 3480 verborum
550 3419 743 3495 obvolvisse,
766 3419 851 3478 sicut
874 3418 906 3476 in
931 3419 994 3477 495
1020 3412 1262 3492 κλειομένου-

94 3531 286 3612 λελουμίνου,
320 3536 384 3594 540
421 3533 443 3594 (λ
478 3529 702 3609 talpone-dg
737 3530 901 3607 εὐδαίμοσι,
935 3532 1000 3592 614
1034 3530 1060 3589 Β
1097 3527 1272 3588 Ἀλκίνου-

95 3645 233 3726 ἀλκίμου,
267 3649 329 3708 621
368 3647 391 3709 O
425 3644 702 3724 ἐσώθηασώσειεν,
738 3645 848 3719 Symp.
882 3644 943 3704 185
977 3643 1000 3705 O
1034 3641 1210 3702 Παυσανίου
1243 3638 1274 3701 δὲ

95 3757 291 3837 παυσαμένου
312 3758 499 3837 (διδάσκουσι
518 3757 573 3837 γάρ
593 3780 627 3835 με
647 3755 740 3837 λέγειν
761 3755 869 3817 οὑτωσὶ
888 3757 920 3817 οἱ
937 3755 1181 3833 σόφοι),Ρ111161).
1199 3755 1274 3817 160

97 3873 229 3952 δηλῶσαι
253 3869 307 3950 μὲν
331 3871 368 3932 οὐ
392 3871 473 3931 πάνυ
493 3871 629 3950 χαλεπόν,
648 3874 778 3950 χρῆσθαι
799 3867 830 3930 δὲ
850 3871 1050 3950 παγχάλεπον,
1069 3870 1147 3944 Rep.
1169 3870 1234 3930 580
1251 3868 1274 3930 (λ

98 3983 115 4046 δ
138 3987 308 4067 Ἀρίστωνος
333 3985 386 4057 ὑὸς
411 3986 462 4047 τὸν
485 3983 605 4064 ι’ίριστον
630 3984 733 4064 ἔκρινε.

39 4099 74 4168 A
143 4103 180 4161 in
211 4101 334 4162 Veneto
366 4101 376 4159 t
408 4101 506 4161 verba
536 4121 565 4158 τε
592 4096 641 4157 τιαὶ
666 4099 841 4176 δικαιοσύνη
865 4099 898 4158 in
923 4114 988 4171 mg.
1013 4098 1175 4171 adscripta
1199 4098 1277 4155 sunt

100 4230 200 4276 manu
232 4214 468 4289 recentissima,
499 4215 532 4272 in
563 4214 634 4274 Par.
667 4216 694 4272 A
726 4215 759 4273 et
782 4214 904 4273 Veneto
929 4208 1098 4275 Eomissa
1122 4212 1208 4270 sunt.
1235 4243 1275 4252 —

100 4312 170 4388 ‘vom
193 4328 218 4387 L
237 4324 386 4404 ἀτιμάζειν
409 4331 458 4399 [τε]
480 4324 530 4385 καὶ
550 4329 636 4387 recte
659 4327 769 4387 Herm.
791 4326 873 4386 Bait.
895 4324 1129 4396 8111166858).
1144 4323 1275 4398 Oampb.

43 4445 76 4511 Β
102 4443 301 4517 receperunt,
337 4442 412 4514 quia
446 4457 673 4516 praegressum
709 4442 759 4500 est
794 4437 1009 4516 εὐδαιμονίζειν
1045 4436 1094 4496 καὶ
1126 4447 1221 4515 τιμᾶν.
1247 4428 1266 4521 ΙΙ

102 4555 253 4630 Speciosa
283 4555 462 4616 Richardsii
494 4554 606 4625 (Olane.
639 4555 717 4614 Rev.
752 4552 846 4623 1893)
879 4551 1057 4612 dubitantis
1088 4554 1120 4611 ο1
1151 4548 1189 4622 ὡς
1221 4546 1279 4629 ἄρα
