3000 5018
630 303 690 360 113

27 480 126 551 est,
165 487 252 546 recte
287 488 374 560 puto.
411 487 613 562 Optimorum
649 490 736 550 codd.
773 490 846 549 lect.
883 491 934 548 est
964 488 1153 567 χαλεστραίου
1184 491 1242 560 (810

30 586 185 658 Moeris
207 615 237 672 p.
265 601 327 661 147
352 601 504 677 Pierson),
525 605 560 662 at
580 603 772 662 scholiastes
791 601 945 678 (χαίιίσιρα
967 602 1051 674 πόλις
1070 608 1140 679 ιιιλ),
1161 604 1242 664 Ρ111.

35 698 91 765 Η.
115 711 160 772 N.
171 713 223 789 31,
236 714 287 787 10,
302 715 321 773 5
335 714 581 782 (Chalestricum
595 749 633 757 -
644 732 688 774 80.
703 716 824 774 nitrum
837 720 898 790 -),
913 716 1080 791 stobaeus,
1091 716 1244 777 Timaeus

39 814 157 886 (Lex.
182 842 211 901 p.
237 827 312 895 272)
337 841 450 887 vocem
473 844 529 902 per
550 830 741 888 rescribunt.
762 828 921 888 Recentes
942 829 1032 887 editt.
1056 843 1170 888 omnes
1189 845 1246 903 per

8 946 12 963 ·
42 934 62 983 ἓ
113 940 327 1016 scripserunt.
352 932 371 1022 ΙΙ
396 941 528 1014 Propter
563 941 769 1014 parenthesin
805 938 925 1011 (παντὸς
960 938 1154 1017 χαίοοιρυίου
1185 946 1244 1010 κτλ)

45 1052 168 1114 verba
197 1032 277 1130 ίύᾶιη
308 1075 337 1112 τε
367 1057 416 1112 καί
448 1054 670 1114 anacoluthice
702 1054 836 1114 articulo
866 1057 985 1114 carent.
1010 1054 1111 1114 Valde
1135 1056 1245 1114 dubito

50 1167 111 1222 an
141 1167 319 1239 genuinum
350 1167 394 1226 811
424 1182 492 1227 voc.
524 1166 626 1237 κονίας
658 1168 752 1240 (quod
783 1169 865 1228 mire
896 1165 1054 1245 παρέλκει),
1080 1168 1155 1228 11081
1179 1170 1245 1227 iarn

56 1277 263 1339 scholiastes
293 1281 327 1340 81
357 1280 473 1340 Pollux
503 1279 605 1349 κονίας
637 1281 669 1338 in
697 1281 936 1354 exemplaribus
960 1282 1029 1340 suis
1054 1282 1245 1341 invenerint.

59 1382 245 1468 Sequentia
267 1389 377 1462 παντὸς
400 1388 490 1451 ἄλλον
514 1391 664 1470 ρ’ύμμαιος
687 1393 831 1452 Badham
855 1393 1001 1462 (Phaedri
1021 1394 1131 1468 prael.)
1154 1394 1249 1454 eiecit
1338 1434 1341 1440 ·
1431 1374 1435 1382 ¹

63 1497 137 1567 iure
160 1505 371 1582 probantibus
394 1507 523 1588 Baitero
547 1508 579 1566 et
602 1506 819 1566 Hervverdeno
844 1505 874 1574 (l.
896 1507 946 1575 1.);
969 1510 1001 1565 81
1022 1522 1132 1566 eorum
1154 1508 1248 1566 sedes

65 1620 106 1678 et
125 1635 241 1695 eorum
259 1619 430 1694 explicatio
452 1620 596 1679 maxime
616 1620 830 1679 incommoda.
853 1619 982 1679 Stobaei
1002 1619 1144 1693 plerique
1158 1619 1246 1678 codd.

67 1731 197 1809 μονίμου
229 1747 286 1807 pro
316 1731 445 1808 νομίμου
476 1732 639 1807 exhibent,
672 1731 769 1806 male,
802 1732 864 1791 vid.
897 1732 981 1791 inira
1012 1732 1076 1790 433
1102 1730 1124 1790 0
1158 1729 1247 1806 δόξης
1284 1812 1288 1820 Ι

71 1841 207 1921 ἐννόμου.
226 1846 265 1905 In
286 1845 402 1905 ultima
421 1860 547 1918 quoque
567 1845 627 1905 hac
647 1846 665 1914 S
685 1846 867 1918 Stephanus
880 1847 912 1904 et
925 1845 1088 1904 Dobraeus
1102 1844 1246 1913 (Advers

74 1959 157 2029 (irii.)
190 1957 318 2035 μόνιμον
349 1959 407 2028 (sic
439 1958 568 2018 Stebaei
599 1957 721 2031 aliquot
753 1958 852 2026 codd.)
867 1948 937 2030 ¹pro
961 1955 1089 2033 νόμιμον
1112 1957 1247 2029 require-

72 2073 156 2133 bant.
182 2072 292 2132 Obiter
316 2072 438 2144 corrige
463 2071 569 2129 δεινῶν
596 2072 707 2144 <υε>
733 2067 800 2147 ιιέρι
823 2066 873 2127 nal
896 2068 944 2145 μή.
970 2104 1011 2112 -
1032 2069 1246 2130 Herwerdeuo

72 2202 148 2247 mox
183 2186 304 2258 legenti
338 2182 392 2260 τὴν
430 2180 549 2262 [ὀρθὴν]
588 2183 678 2255 δόξαν
711 2184 807 2257 plane
841 2184 1001 2242 assentior
1033 2199 1073 2241 ne
1105 2182 1247 2242 Glaucen

72 2295 165 2381 ἑαυτῷ
199 2294 340 2356 τάναντία
375 2294 459 2378 λέγη;
491 2298 590 2356 etiam
621 2297 654 2355 in
685 2296 885 2369 praegressis
914 2297 988 2365 (429
1012 2295 1035 2356 (1
1058 2293 1111 2370 τὴν
1137 2328 1177 2336 -
1202 2310 1246 2354 80.

72 2411 218 2491 σωτηρίαν
244 2446 287 2453 -
310 2420 360 2487 τῆς
385 2410 472 2486 δόξης
497 2418 547 2486 τῆς
570 2408 630 2468 ὑπὸ
656 2407 749 2484 νόμου
774 2406 824 2467 διὰ
847 2416 898 2486 τῆς
921 2409 1057 2479 παιδείας
1081 2407 1248 2487 γεγονυίας)
1272 2383 1274 2387 .

72 2529 268 2604 adjectivum
304 2521 398 2602 ὀρθῆς
434 2540 497 2583 non
529 2525 675 2584 additum
707 2525 767 2583 est.
799 2523 871 2582 Iam
903 2540 933 2583 v.
966 2523 994 2582 1.
1019 2522 1152 2597 Montijn
1175 2522 1247 2580 lect.

72 2639 169 2721 ὀρθὴν
193 2640 441 2714 improbaverat,
468 2637 552 2697 male
577 2639 688 2697 tamen
712 2636 749 2696 V.
775 2636 808 2696 L.
834 2633 928 2711 αὐτὴν
949 2651 1023 2695 cum
1044 2635 1153 2694 Picino
1174 2633 1248 2692 1801-

73 2755 222 2831 piendam
253 2752 399 2812 duxerat.
431 2750 582 2809 Liebhold
607 2750 724 2819 (Fleck.
749 2750 819 2808 Jbb.
848 2749 931 2808 1888
956 2750 1005 2808 bd.
1033 2748 1105 2815 137)
1131 2746 1169 2805 81.
1195 2742 1249 2819 τὴν

73 2863 170 2945 ὀρθὴν
195 2863 286 2936 δόξαν
309 2863 524 2936 (δοξάζειν)
550 2865 582 2921 81
605 2862 701 2935 paulo
724 2863 797 2934 post
820 2858 874 2936 υὴν
898 2860 915 2918 1
935 2857 947 2918 ὲ
972 2865 1037 2933 (pro
1061 2862 1112 2933 τε),
1131 2859 1249 2931 inepte.

73 2980 192 3053 Utique
224 2978 345 3050 corrige
372 2974 426 3049 τὴν
450 2974 540 3046 δόξαν
568 2971 703 3050 <την>
730 2969 795 3051 περί
819 2977 877 3032 κτλ.
903 2977 936 3033 et
959 2969 1009 3031 καὶ
1036 2968 1172 3046 <τὴν>
1199 2966 1251 3027 οἰν-

74 3089 255 3173 δραιιοδώδη
287 3093 355 3160 (aut
377 3087 430 3164 τὴν
455 3093 524 3167 θηρ.
547 3108 576 3146 τε
599 3083 649 3145 καί
672 3083 749 3157 ἀνδ.)
775 3086 826 3146 vel
850 3088 956 3160 potius
980 3083 1034 3161 τήν
1058 3104 1089 3163 γε
1113 3081 1251 3161 θηριώδη

75 3204 123 3265 καί
154 3202 220 3264 dod.
251 3204 441 3264 Dubitanter
472 3216 611 3276 propono
632 3200 740 3270 δοκεῖς
771 3199 826 3278 γάρ
858 3219 907 3275 μοι
934 3188 1048 3271 <αι1>
1076 3192 1130 3271 τὴν
1162 3194 1252 3266 δόξαν

11 3304 51 3377 C
75 3318 127 3399 τὴν
150 3316 218 3397 περὶ
240 3326 299 3377 τῶν
322 3315 421 3375 αὐτῶν
446 3316 557 3374 τούτων
571 3359 655 3372 .....
669 3357 677 3389 ,
705 3311 759 3389 τήν
784 3333 815 3390 γε
839 3311 976 3388 θηριώδη
998 3314 1054 3369 κτλ.
1081 3300 1101 3391 ΙΙ
1125 3308 1253 3382 Optime

76 3433 214 3496 eouerus
237 3433 325 3502 (nota
348 3434 422 3499 ms.)
447 3429 588 3488 correxit
612 3429 756 3503 ζητοῦμεν
781 3425 838 3494 (sic
858 3425 924 3484 iam
944 3424 981 3485 V.
1004 3426 1038 3494 L)
1060 3438 1116 3498 pro
1136 3420 1253 3497 ἐζηιοῦ-

11 3524 49 3593 ὓ
75 3570 135 3623 μιν.
161 3536 180 3628 ΙΙ
206 3544 333 3617 corrige
354 3545 507 3619 ζητοῦμεν,
529 3536 631 3617 <ἡ>
656 3538 839 3614 δικαιοσύνη.
860 3538 1016 3597 Richards
1039 3536 1152 3606 101888.
1174 3535 1253 3595 Rev.

78 3660 172 3730 1898)
195 3660 234 3719 01.
256 3655 329 3716 αὐτὸ
351 3655 515 3734 [πρότερον]
538 3660 683 3729 φανῆναι,
701 3654 735 3711 81
758 3651 845 3709 18018
859 3649 989 3724 Gampb.
1004 3649 1101 3708 verba
1115 3648 1255 3721 explicat

78 3776 110 3852 ,I
142 3775 182 3836 10
213 3777 271 3835 not
295 3775 383 3832 want
406 3773 521 3831 iustice
546 3773 579 3828 to
603 3783 721 3843 appear
744 3765 825 3840 first,
851 3765 885 3824 at
908 3762 1001 3839 least,
1027 3763 1054 3822 if
1073 3761 1146 3821 that
1168 3761 1197 3819 is
1222 3762 1255 3819 to

12 3866 56 3945 [¹]
75 3890 215 3964 prevent
235 3902 273 3947 us
298 3887 379 3946 from
404 3883 595 3959 proceeding
617 3884 650 3941 1ο
670 3879 821 3942 examine
841 3876 1080 3951 temperance.”
1106 3865 1126 3957 ΙΙ
1150 3874 1257 3934 Verba

74 4003 182 4080 κόσμος
206 4002 267 4061 πού
290 4023 332 4071 τις
346 4046 430 4058 .....
454 3998 520 4075 ἴχνη
545 3995 636 4072 αὐτῆς
660 3991 770 4073 λέγεται
795 3993 888 4052 valde
912 3991 1052 4050 editores
1075 3988 1256 4047 torserunt.

76 4115 281 4192 Optimorum
301 4114 388 4174 codd.
411 4113 505 4172 lectio
526 4113 576 4171 est
597 4108 764 4185 φαίνονται.
786 4107 823 4164 ln
836 4104 982 4164 Parisino
994 4103 1022 4160 A
1036 4103 1151 4160 autern
1167 4113 1257 4157 voca·

74 4226 191 4287 bulum
209 4225 337 4300 punctis
358 4225 507 4284 notatum
529 4226 579 4283 est
600 4208 781 4294 (ίμαίὺονιαὶ)
803 4220 836 4276 81
856 4215 888 4274 in
906 4230 970 4286 mg.
984 4230 1003 4272 a
1018 4228 1060 4271 m.
1075 4226 1102 4270 s.
1120 4209 1256 4295 adscrip-

75 4343 147 4401 tum
179 4361 223 4419 μρ.
254 4335 394 4416 λέμονιες.
426 4335 509 4394 illud
542 4332 701 4409 φαίνονται
725 4330 912 4401 corruptum
937 4340 1010 4384 8888
1035 4324 1121 4382 inter
1145 4337 1259 4382 omnes

75 4456 214 4516 constat.
247 4453 327 4528 Quid
358 4451 426 4524 lpse
458 4449 597 4508 sentiam
626 4447 768 4519 primum
792 4442 908 4500 dicam.
934 4436 1097 4496 Particula
1122 4435 1182 4494 ινού
1208 4451 1259 4493 me

74 4569 181 4629 iudice
211 4567 271 4627 hoc
302 4565 371 4624 loco
402 4562 564 4635 significat
598 4557 723 4634 ,procul
756 4555 872 4613 dubio”
900 4552 1046 4622 (minime
1072 4551 1258 4609 enimcum

1181 4653 1201 4684 s
