3000 5018
785 272 847 331 156

229 454 318 535 (suos
341 457 496 517 nimirum
521 456 609 517 cives
633 455 726 517 Plato
754 456 893 534 respicit,
922 472 988 517 non
1014 454 1128 528 ιιάνιας
1154 455 1223 529 τοὺς
1241 453 1404 536 Ἕλληνας,

228 572 314 632 sicut
341 572 373 631 et
398 585 495 645 supra
517 585 546 644 p.
572 570 686 630 40511
710 567 865 648 vidimus)
886 586 927 632 ex
950 569 1061 632 Attica
1084 571 1245 646 profectos
1269 586 1344 632 esse
1368 568 1403 631 ιδι

230 683 376 743 Διονύσια
399 684 431 744 iu
455 685 582 744 ceterae
605 683 758 745 Graeciae
780 682 893 762 κώμαις
917 686 1111 760 spectatum.
1139 681 1182 742 Τὰ
1201 681 1275 743 κατὰ
1299 684 1403 762 κώμας

230 801 313 858 Διαν.
336 799 436 872 igitur
458 799 545 873 sunt,
570 812 652 871 quae
676 797 773 870 vulgo
796 795 831 856 ιὰ
853 791 912 857 κατ’
944 795 1055 877 ἀγροὺς
1079 799 1245 874 vocantur,
1269 796 1305 858 ιδ
1328 795 1404 857 κατὰ

229 911 326 989 πόλιν,
359 927 442 986 quae
473 909 550 990 (vid.
583 911 792 989 scholiasten)
823 908 859 969 ιὰ
889 908 921 970 ἐν
953 907 1032 970 ἄστει
1063 911 1208 972 audiunt.
1238 911 1403 986 Scriptum

178 1032 206 1098 ll
230 1035 300 1094 erat
320 1030 394 1092 ιαιδι
417 1004 466 1110 ni,
489 1034 572 1106 quod
596 1033 746 1094 librarius
770 1032 856 1093 male
880 1032 1032 1107 explevit.
1055 1024 1075 1116 ΙΙ
1096 1031 1177 1093 (lum
1199 1032 1267 1093 iere
1287 1047 1404 1100 ornnes

230 1148 318 1208 codd.
354 1145 581 1223 μαθηματικοὺς
617 1147 792 1207 exhibeant
822 1161 898 1207 cnm
930 1145 1097 1207 clemente
1126 1147 1160 1206 et
1190 1146 1402 1222 Theodoreto,

191 1240 194 1247 '
229 1275 292 1320 non
323 1259 433 1319 dubito
463 1259 539 1332 quin
571 1275 610 1321 ια
639 1259 780 1334 genuina
806 1259 851 1320 su
879 1259 992 1334 recum
1026 1259 1065 1319 cf.
1098 1259 1181 1320 nrm.
1214 1259 1256 1319 ee
1285 1260 1311 1319 B
1336 1255 1403 1337 (uu

229 1372 364 1432 Phoiius
394 1369 604 1449 μαθηματικὸν
635 1369 700 1431 ἀντὶ
732 1379 785 1432 τοῦ
809 1370 978 1451 φιλομαθῆ)
1003 1373 1036 1432 et
1058 1372 1193 1433 Arisidt.
1217 1372 1358 1448 Meiaph.
1386 1375 1400 1433 1

229 1486 294 1556 (in.)
325 1481 375 1544 neti
405 1482 455 1544 διὰ
485 1492 572 1545 τοῦτο
602 1481 638 1544 τὰ
667 1480 721 1562 μὲν
745 1490 799 1556 (sc.
824 1493 884 1545 τῶν
908 1483 1000 1568 ζῴων)
1023 1483 1165 1565 φρόνιμα,
1187 1482 1223 1544 τὰ
1246 1480 1279 1544 δὲ
1303 1490 1403 1563 μαθη-

229 1597 410 1679 ματικώτερα
432 1607 491 1658 τῶν
514 1597 555 1677 μὴ
579 1594 755 1676 δυναμένων
778 1597 978 1676 μνημονεύειν
1002 1595 1087 1658 ἐστίν.
1110 1598 1247 1659 Videtur
1269 1598 1402 1660 Platone

231 1713 305 1774 vivo
335 1714 478 1774 nondum
509 1711 593 1773 inter
624 1709 789 1789 μαθητικὸς
817 1712 850 1772 et
877 1709 1084 1789 μαθηματικὸς
1111 1711 1296 1800 discrimen,
1321 1713 1402 1786 quod

231 1827 353 1888 Gellius
388 1826 421 1887 et
456 1825 512 1886 alii
544 1826 717 1900 scriptores
752 1825 944 1915 indicarunt,
980 1825 1159 1886 exstitisse.
1191 1824 1271 1885 Vide
1308 1826 1400 1886 Thes.
1439 1892 1441 1896 Α

231 1940 386 2015 Stephani
410 1955 436 2000 8.
461 1955 492 2000 v.
517 1955 547 1999 v.
572 1937 779 2016 caticumenis
803 1941 837 2001 et
860 1935 1084 2016 ἄαονσματικός.

85 2058 150 2118 476
180 2052 210 2119 A
277 2054 361 2128 Lege
395 2049 446 2112 καὶ
482 2049 570 2132 [περὶ]
607 2051 724 2113 δικαίου
755 2055 821 2125 ιιι1;
851 2067 928 2112 narn
959 2052 1101 2126 primum
1135 2067 1215 2127 opus
1249 2054 1323 2113 erat
1355 2048 1401 2110 nal

234 2164 382 2246 <ιιεμ1>
410 2163 527 2243 ἀδίκου,
548 2166 661 2226 deinde
684 2165 779 2240 plane
799 2164 921 2226 sufficit
940 2164 1019 2225 illud
1038 2162 1104 2244 ιιὲμι
1123 2166 1157 2224 in
1173 2163 1236 2226 fine
1248 2165 1400 2241 positum,

231 2280 270 2340 cf.
303 2280 366 2340 451
388 2280 427 2341 Α.
460 2280 493 2340 Si
525 2280 588 2340 duo
619 2280 703 2341 inter
727 2293 762 2339 se
786 2278 947 2339 contraria
970 2278 1161 2353 copulantur
1183 2277 1295 2338 iterari
1318 2293 1400 2353 prae·

230 2392 424 2467 positionem
445 2407 578 2453 necesse
598 2395 659 2467 est,
680 2393 743 2454 vid.
766 2393 806 2452 ad
819 2392 883 2452 334
896 2392 930 2453 li.
947 2426 986 2436 —
1000 2392 1083 2452 Illud
1095 2388 1229 2468 ἀλλήλων
1241 2390 1400 2474 (κοινωνία)

231 2506 312 2567 mihi
324 2506 364 2566 ob
377 2506 457 2566 duas
470 2521 587 2566 causas
599 2504 764 2580 displicet:
786 2505 927 2580 primum
942 2505 1126 2567 subiectum
1139 2505 1228 2566 verbi
1240 2504 1401 2580 pulveribus

231 2621 316 2681 sicut
346 2619 435 2680 verbi
466 2612 541 2678 εἶναι
572 2621 622 2679 est
653 2615 785 2696 ἕκαστον,
816 2633 881 2679 non
895 2613 916 2689 ¹)
939 2618 1035 2678 πάνια
1058 2617 1093 2678 ιδ
1116 2617 1190 2696 εἴδη,
1212 2621 1247 2679 at
1270 2615 1401 2696 ἀλλήλων

232 2734 366 2809 requirit
396 2734 579 2795 subiectum
610 2733 744 2808 pluralis
774 2733 911 2809 numeri,
945 2734 1054 2807 itaque
1078 2748 1146 2794 voc.
1171 2729 1306 2809 ἀλλήλων
1330 2731 1402 2793 ferri

231 2848 359 2923 nequit;
391 2829 505 2909 deiude
536 2848 587 2909 sac
617 2848 679 2908 duo
711 2846 775 2924 εἴδη
807 2847 948 2923 misceri,
977 2848 1048 2907 turn
1080 2838 1158 2917 εἶδος
1181 2845 1311 2918 aliquod
1334 2860 1401 2905 nas·

134 2999 136 3002 >
232 2963 325 3037 citur,
349 2962 432 3034 quod
456 2962 597 3035 simplex
620 2957 687 3038 (ἕν),
711 2976 775 3020 non
799 2960 969 3035 multiplex
994 2957 1107 3031 (πολλὰ)
1132 2959 1192 3019 est.
1214 2958 1295 3020 (lum
1316 2957 1401 3019 nullo

232 3073 331 3147 igitur
352 3075 446 3148 pacto
471 3088 539 3134 voc.
564 3070 697 3151 ἀλλήλων
721 3073 847 3134 defendi
869 3073 982 3148 possit,
1002 3074 1093 3146 patet
1113 3073 1301 3146 corruptum
1321 3087 1400 3132 esse.

233 3187 417 3261 Legendum
439 3202 554 3249 censeo
574 3183 670 3246 ἄλλων
690 3187 711 3247 1.
732 3203 759 3247 e.
784 3185 922 3247 aliarum
942 3200 1061 3262 rerum,
1080 3199 1158 3245 uem
1182 3185 1267 3245 iuter
1286 3183 1401 3263 πράξεις

233 3305 266 3364 et
289 3301 408 3379 σώματα
433 3303 489 3362 vix
515 3301 627 3363 referri
649 3302 786 3375 possunt
809 3299 918 3377 φωναί,
939 3298 1034 3379 χρόαι,
1055 3297 1198 3377 σχήματα,
1220 3299 1352 3360 similia.
1379 3297 1400 3358 ll

233 3418 379 3490 quantor
397 3416 480 3476 bunc
499 3416 599 3476 δοιανα
619 3413 807 3476 emendandi
819 3412 1035 3474 conaminibus
1047 3411 1172 3473 nullum
1186 3412 1266 3471 mibi
1279 3412 1400 3487 placere

233 3528 354 3603 potuit:
379 3530 540 3589 Bannmrr
570 3531 603 3589 ca
624 3527 770 3598 (Phaedri
798 3527 908 3602 praef.)
935 3522 1009 3608 ἄλλῃ
1035 3521 1132 3584 ἄλλων
1155 3528 1206 3585 est
1229 3525 1401 3587 admodum

233 3640 332 3701 durae
351 3642 610 3718 constructionis,
624 3641 685 3701 etsi
698 3640 923 3701 tolerabilioris
935 3654 1034 3713 quam
1047 3640 1227 3699 Brwsrnar
1239 3638 1362 3709 (Journ.
1374 3635 1403 3699 ol

234 3753 347 3815 Philol.
371 3751 468 3831 1874)
489 3748 546 3813 ἄλλ’
570 3751 666 3813 ἄλλων
687 3750 754 3831 (the
774 3751 904 3826 general
924 3766 1020 3811 sense
1040 3751 1135 3823 being
1155 3751 1191 3826 ,it
1210 3752 1240 3810 is
1259 3751 1303 3826 by
1322 3751 1401 3812 their

234 3868 331 3928 union
361 3868 442 3928 with
472 3867 592 3941 bodies,
623 3867 748 3927 actions
774 3866 837 3926 and
865 3880 902 3925 so
924 3864 1020 3940 forth,
1044 3864 1117 3923 that
1138 3849 1232 3924 Ideas
1255 3878 1350 3926 come
1372 3867 1401 3924 to

235 3981 273 4042 be
307 3981 591 4055 phenomenalised
626 3981 715 4053 etc’);
747 3979 927 4040 Vononurur
957 3975 1003 4056 (S)
1036 3979 1069 4037 οδ
1097 3975 1241 4053 σωμάτων
1271 3974 1401 4055 ἀλλήλων

234 4093 376 4177 κοινωνία
406 4093 554 4168 displicet
585 4094 753 4168 propterea
775 4091 858 4164 quod
881 4087 1015 4168 ἀλλήλων
1038 4090 1086 4150 sic
1109 4105 1241 4165 prorsus
1264 4090 1401 4151 abundat

235 4222 338 4281 neque
371 4224 388 4268 e
419 4205 652 4280 grammaticae
685 4203 809 4278 legibus
830 4203 924 4264 facile
948 4205 999 4264 est
1021 4202 1201 4278 explicatu;
1226 4203 1402 4266 Lrnurronnr

270 4562 288 4626 ¹)
307 4565 334 4614 si
352 4564 420 4612 enirn
433 4564 510 4610 πάνια
525 4564 554 4610 ιδ
569 4563 617 4623 sidu
632 4561 777 4610 subiectum
792 4561 869 4619 esset,
882 4559 956 4608 Plato
971 4573 1021 4607 non
1035 4561 1100 4614 αδιό,
1117 4557 1163 4609 ssd
1178 4559 1238 4606 αὐτὰ
1251 4557 1401 4620 scripsisset
