3000 5018
628 304 669 367 67

53 493 151 571 Bkk,
180 495 264 571 Ast,
297 494 487 569 Schneider;
519 498 606 556 reete
635 497 669 555 ni
700 496 793 556 fallor
824 493 884 574 (sie
915 498 1010 571 paulo
1040 502 1113 572 post
1139 498 1165 557 B
1188 498 1231 559 in.

55 610 111 691 Πῇ
142 605 199 685 δή;
223 597 283 684 Ἧι,
312 598 351 685 ἦν
374 601 464 686 d’r’yei
487 605 560 685 ιιιλ),
582 624 660 668 narn
683 606 715 667 τὸ
738 613 827 669 ποῖον
851 610 1054 671 referendum
1079 614 1130 671 est
1152 613 1193 672 ad
1216 606 1233 670 b

53 717 144 793 ἄξιον
174 720 332 799 θαυμάσαι
361 718 437 799 (non
471 723 512 783 ad
542 720 641 798 τοῦτο)
672 723 822 796 idemque
845 723 934 784 valet
957 738 995 783 ac
1019 725 1048 783 si
1071 722 1130 782 Διὰ
1152 724 1182 783 τί
1201 723 1234 784 τὸ

53 833 171 913 θηρίον
193 830 278 906 ἄξιον
301 834 512 912 θαυμάζεσθαι
534 836 689 911 dixisset;
714 837 885 911 respondet
909 835 953 896 ὅτι
976 831 1012 894 ὃν
1035 832 1089 913 μὲν
1111 841 1169 896 nri.
1191 870 1234 879 -

52 947 181 1023 Optimi
211 948 300 1009 codd.
332 944 423 1008 οὐδὲν
448 944 482 1008 di
505 949 668 1024 exhibent,
693 949 741 1010 sic
764 949 875 1010 Herm.
900 950 980 1010 Fere
1004 965 1119 1010 omnes
1142 951 1233 1011 editt.

52 1057 149 1122 abab
172 1059 211 1139 δὴ
234 1078 252 1123 e
275 1063 392 1123 deterr.
416 1064 504 1124 codd.
529 1066 751 1138 susceperunt.
778 1064 907 1125 Stobaei
929 1064 1002 1124 leet.
1027 1059 1118 1124 οὐδὲν
1140 1063 1234 1124 ιιιιιὸν

50 1176 235 1250 probarunt
265 1175 363 1237 Oobet
393 1176 480 1253 (Var.
511 1169 627 1237 Lentu.
660 1172 730 1236 odii
757 1175 793 1235 iv
825 1178 1001 1238 emendans
1028 1174 1178 1255 ιἰιιιιιισιί)
1203 1180 1236 1238 et

50 1289 179 1364 Baiter,
202 1289 334 1363 optime.
360 1322 400 1333 -
425 1290 496 1350 Par.
521 1291 560 1349 A·
589 1291 720 1350 exhibet
743 1310 800 1368 ιιρο
814 1289 1036 1361 ᾲιιειιονθώς.
1062 1290 1121 1350 Illo
1141 1291 1234 1365 signo
1325 1306 1338 1336 ¹

51 1398 124 1480 (÷)
149 1401 298 1462 librarius
321 1401 459 1462 Parisini
482 1404 511 1461 A
535 1403 576 1463 ad
598 1418 729 1463 rasuras
754 1403 931 1476 explendas
951 1401 1015 1481 (ex.
1035 1419 1082 1477 gr.
1103 1419 1132 1478 p.
1157 1396 1234 1464 150⁷

51 1516 106 1577 ed.
143 1515 227 1576 Bait
263 1515 323 1575 VH
352 1531 409 1590 pro
439 1523 497 1574 τῶν
528 1515 698 1588 quinquies
728 1515 879 1589 deinceps
909 1517 950 1581 ÷
984 1516 1141 1591 seriptum
1173 1513 1236 1593 est)

51 1628 222 1704 utebatur,
253 1643 315 1701 quo
346 1629 441 1688 modo
471 1629 539 1688 iam
569 1628 719 1687 librarius
751 1629 956 1703 exemplaris,
991 1629 1076 1689 unde
1108 1630 1180 1689 Par.
1208 1629 1236 1687 A

52 1741 165 1818 fluxit,
196 1740 330 1801 lacunae
361 1743 394 1801 et
424 1757 556 1802 rasuras
585 1742 721 1817 implere
752 1741 888 1817 solebat,
921 1757 1021 1815 quum
1052 1742 1086 1801 in
1110 1742 1182 1801 Par.
1206 1742 1236 1800 A

53 1860 291 1927 nonnunquam
322 1854 411 1914 nulla
442 1869 556 1914 rasura
586 1855 758 1929 conspicua
788 1854 868 1914 illud
899 1855 1029 1927 signum
1054 1854 1236 1914 adhibitum

55 1969 114 2029 sit.
147 1967 218 2029 Vid.
251 1968 445 2029 Sohanzium
467 1968 500 2027 in
524 1967 605 2028 llus.
629 1968 730 2027 Rben.
758 1967 843 2027 1878
867 1968 899 2026 et
924 1967 1072 2027 Schneid.
1096 1968 1129 2026 in
1157 1968 1236 2043 ,Ad-

55 2082 174 2143 ditam.
206 2081 247 2142 ad
277 2081 308 2141 X
337 2081 407 2142 libr.
441 2080 555 2141 civit.’‘
590 2080 696 2156 Quum
728 2081 799 2140 Par.
825 2072 867 2138 AI
890 2075 964 2156 μηδὲ
986 2096 1043 2155 pro
1066 2075 1160 2158 μηδὲν
1184 2095 1235 2140 ex·

10 2180 184 2270 Bhibeat,
214 2195 360 2270 suspicor
389 2194 560 2255 Platonem
591 2193 760 2267 scripsisse
791 2188 866 2270 μηδὲ
896 2189 936 2251 ἕν.
960 2186 980 2276 (Ι
1004 2194 1074 2251 vam
1097 2193 1122 2252 L
1145 2191 1236 2268 φίλην

58 2328 91 2367 τε
122 2304 173 2369 sel
203 2305 315 2385 ἐχθρὰν
344 2308 542 2382 probandam
574 2321 689 2367 censeo
720 2307 849 2380 propter
877 2284 1237 2380 sequentiarum

10 2407 115 2481 θινὶ
147 2417 263 2503 ἀγνοίᾳ.
291 2412 310 2503 Ι(
343 2421 393 2481 w.
424 2419 549 2481 reuffel
579 2417 673 2497 (uus.
705 2420 807 2479 enen.
838 2419 876 2479 u.
909 2420 943 2479 r.
974 2420 1034 2479 vn
1064 2435 1094 2494 p.
1119 2416 1237 2494 4eeie

58 2534 163 2595 variis
185 2534 274 2595 lectt.
298 2534 451 2594 conflavit
470 2531 519 2591 ἵνα
539 2529 558 2610 ἢ
579 2529 671 2609 ἐῶμεν
691 2529 799 2609 συχνὸν
819 2530 908 2609 λόγον
927 2528 1064 2609 diseede
1077 2530 1237 2608 διεξίωμεν.

58 2648 227 2709 Herwerd.
253 2644 328 2724 (Mn.
356 2643 452 2723 1883)
476 2646 515 2707 ci.
540 2644 590 2704 ἵνα
613 2643 653 2722 μὴ
682 2641 773 2722 (d)
799 2640 891 2720 ἐῶμεν
911 2643 1016 2703 ἱκανὸν
1036 2643 1125 2723 λόγον
1144 2640 1163 2721 ἢ
1183 2642 1238 2721 οὐχ

56 2758 168 2821 ἰκανὸν
198 2757 350 2838 διεξίωμεν
375 2756 646 2836 (ΟΤΧΙΚΑΝΟΝ
666 2759 791 2818 factum
814 2773 887 2818 esse
914 2755 1113 2834 OYXNON).
1137 2758 1237 2817 Recte

56 2877 175 2937 autem
206 2874 424 2949 campbellius
456 2874 621 2947 vulgatam
650 2871 792 2932 defendit
816 2871 926 2931 dicens
949 2886 1181 2944 nonnunquam
1205 2871 1237 2931 in

57 3002 144 3049 vore
174 2987 281 3067 συχνὸς
308 2989 406 3048 taedii
429 2987 595 3046 notionem
618 2986 743 3058 inesse;
768 2985 807 3044 ef.
832 3000 883 3045 err.
908 2999 954 3058 gr.
979 2984 1110 3044 Theaet.
1138 2984 1237 3043 laen

57 3080 142 3180 pera
181 3109 293 3180 ιιχιιν
329 3099 428 3179 repon,
463 3099 557 3172 soph.
590 3098 703 3173 2171),
735 3097 857 3158 Pnrree.
890 3097 970 3157 2313
1002 3097 1096 3175 parer
1103 3141 1237 3155 .........

57 3221 176 3293 συχνοῦ
209 3209 264 3291 μὲν
296 3210 386 3291 λόγου
420 3219 473 3271 τοῦ
508 3214 624 3286 λοιποῦ,
659 3211 751 3284 Gorg.
784 3211 887 3272 5193
918 3217 975 3269 νῦν
1006 3217 1081 3288 γοῦν
1112 3207 1239 3286 συχνοὺς

60 3325 210 3389 ἀποτείνει
232 3334 292 3386 τῶν
313 3323 420 3404 λόγων,
443 3322 544 3400 ἐπειδή
568 3346 618 3401 μοι
642 3323 697 3383 οὐκ
716 3300 826 3393 ἐθέλως’
848 3321 1072 3402 ἀποκρίνεσθαι.
1092 3321 1240 3381 Teuffelii

60 3440 273 3515 transpositio
307 3438 510 3513 interpolatis
545 3438 633 3498 codd.
666 3437 790 3510 nititur,
822 3436 1030 3496 Herwerdeni
1063 3436 1175 3496 autem
1207 3438 1241 3495 0³

64 3568 172 3627 neque
202 3553 363 3627 elegantia
393 3569 453 3613 nee
481 3549 728 3626 palaeographia
756 3549 1011 3609 commendatur.
1037 3547 1170 3621 Propter
1193 3562 1239 3608 se·

64 3666 200 3742 quentia
222 3660 288 3725 οὐδ’
312 3665 339 3724 εἰ
356 3661 519 3743 μακροτέρα
539 3661 674 3741 τυγχάνει
694 3652 770 3720 οὖσα
791 3658 847 3738 (sc.
869 3655 888 3737 ἡ
909 3657 1024 3738 σκέψις)
1047 3661 1240 3723 vocabulum

64 3776 177 3859 συχνὸν
212 3779 333 3840 dimitti
366 3777 486 3850 nequit.
522 3776 593 3836 Par.
629 3777 668 3850 A,
703 3775 758 3847 qui
792 3774 849 3834 illa
880 3775 977 3834 verba
1010 3773 1072 3851 (ἵνα
1103 3771 1143 3852 μὴ
1154 3819 1240 3832 ......

66 3888 233 3969 buttem)
257 3907 321 3952 seo.
347 3890 476 3965 (lampb.
501 3890 535 3949 in
558 3903 623 3961 mg.
644 3889 751 3962 habet,
772 3887 923 3960 primitus
944 3887 1095 3963 διεξιῶμεν
1115 3889 1241 3960 praebe·

65 4008 134 4069 bat.
168 3998 189 4089 ΙΙ
224 4005 429 4067 Herwerden.
465 4001 540 4081 (liin.
579 3999 676 4079 1891)
711 4003 799 4062 recte
831 3999 882 4078 (ol.
915 4002 980 4061 410
993 3998 1029 4078 Ο(
1061 4002 1243 4074 requirebat

67 4119 310 4203 σώματι-ψυχῇ
333 4115 398 4195 (vel
417 4116 695 4194 σώμασι-ψυχαῖς.
720 4114 858 4190 ,Utrum
881 4115 1002 4175 dederit
1015 4113 1143 4174 difficile
1155 4115 1243 4175 dictu

65 4236 130 4299 est.
161 4234 301 4295 Pluralis
332 4233 446 4293 obvius
478 4232 540 4291 377
555 4229 621 4299 (lb.
657 4262 695 4272 -
729 4229 799 4287 vam
830 4229 855 4287 L
882 4225 973 4287 εἰπὼν
997 4242 1053 4302 pro
1077 4220 1160 4287 εἷπον
1184 4224 1244 4304 (sie

67 4350 132 4410 Ast
151 4344 248 4426 Bait.)
268 4346 444 4422 probarunt
461 4343 597 4418 Beklrer,
618 4341 764 4402 Schneid.
782 4341 893 4400 Herm.
909 4340 1082 4414 uampbell.
1096 4341 1140 4400 At
1151 4337 1243 4400 εἰπὼν

66 4460 102 4539 (1.
136 4477 164 4522 e.
196 4459 290 4532 οὕτως
321 4456 426 4535 εἰπών)
457 4456 714 4518 insulsissimum
746 4455 806 4513 est.
839 4452 884 4512 Ut
914 4453 966 4512 hie
997 4453 1069 4514 Par.
1101 4455 1130 4513 A
1161 4446 1244 4512 εῑιιον

66 4576 103 4635 in
131 4546 223 4633 εἰπών
247 4573 397 4647 corrupit,
422 4571 469 4630 sio
492 4573 604 4631 eontra
624 4584 721 4641 supra
742 4567 844 4627 3661)
865 4566 923 4626 ult.
944 4580 989 4626 m.
1010 4581 1058 4640 pr.
1077 4582 1134 4638 pro
1155 4565 1246 4622 eleeto
