3000 5018
701 314 764 357 XIII

149 501 320 544 numerum
352 486 506 560 adhibuit,
537 500 618 557 quos
649 486 828 544 describere
855 484 1075 558 supersedisse
1100 484 1192 542 valde
1216 461 1318 543 dolen-

148 601 225 656 dum
251 601 317 671 est;
343 601 394 657 sat
422 599 526 657 multa
549 601 659 658 tamen
679 599 844 658 declarant
864 612 975 657 eorum
994 597 1173 656 maximam
1194 602 1319 670 partem
1341 637 1344 643 -

148 727 218 771 non.
236 713 377 784 optimae
401 715 496 772 notae
520 713 631 772 fuisse.
664 713 798 771 Multam
830 726 960 784 operam
985 726 1020 769 se
1043 713 1075 768 in
1100 711 1239 770 editione
1261 726 1321 770 sua

147 826 288 899 paranda
330 826 477 898 posuisse
515 826 648 885 candide
683 826 716 884 in
750 826 873 884 monito
908 825 948 883 ad
987 825 1141 883 lectorem
1179 825 1321 883 testatur

152 942 208 1011 ,ut
240 940 382 1013 autem”,
415 939 528 1013 inquit,
564 938 724 1013 ,Graecus
756 941 927 998 contextus
950 938 1046 997 sicuti
1071 937 1163 1009 volgo
1188 940 1320 997 vocatur

149 1067 246 1124 quam
277 1051 346 1112 fleri
373 1053 483 1125 posset
506 1052 793 1111 emendatissimus
817 1052 973 1124 ederetur,
1004 1066 1065 1109 non
1090 1065 1220 1108 omnem
1245 1050 1317 1123 lapi·

148 1166 231 1238 dem,
253 1166 308 1224 sed
328 1166 438 1224 omnia
456 1164 722 1225 bibliothecarum
747 1163 798 1240 (ad
819 1180 901 1236 quae
921 1165 1029 1223 aditus
1050 1162 1164 1237 patuit)
1185 1178 1320 1222 scamna

147 1277 265 1349 partim
296 1278 365 1349 ipse
396 1277 494 1351 movi,
523 1278 638 1349 partim
665 1278 825 1336 movenda
851 1278 994 1336 curavi.”
1019 1277 1082 1336 Ubi
1105 1277 1230 1335 codices
1253 1276 1319 1335 nul·

147 1390 216 1448 lum
252 1391 410 1448 auxilium
446 1391 650 1464 praebebant,
683 1392 722 1448 ad
755 1392 973 1450 coniecturam
1005 1405 1142 1462 eamque
1166 1389 1231 1448 fere
1255 1404 1318 1448 non

147 1504 303 1562 audacem
338 1503 483 1575 refugere
518 1518 582 1562 non
617 1503 848 1576 reformidavit,
881 1505 932 1562 hic
962 1482 1027 1561 illio
1059 1503 1225 1575 vulgatam
1256 1516 1319 1560 non

147 1615 270 1673 monito
292 1615 411 1674 lectore
436 1618 577 1674 mutans.
601 1615 704 1674 Notae
727 1617 797 1674 eius
817 1616 949 1675 editioni
970 1616 1113 1674 adiectae
1134 1616 1320 1673 etiamnunc

147 1742 229 1798 quae
252 1729 498 1802 perpendantur,
523 1730 732 1801 dignissimae
756 1731 842 1787 sunt.

93 1816 124 1890 tt
192 1841 280 1899 Duas
304 1842 425 1900 Asrrus
450 1840 598 1900 Civitatis
617 1842 774 1900 editiones
795 1840 1021 1899 memorabiles
1042 1840 1233 1912 procuravit.
1260 1839 1318 1897 Ha·

148 1970 221 2012 rum
245 1955 329 2026 prior
353 1951 440 2027 (anni
467 1952 574 2029 1814),
599 1955 661 2013 etsi
684 1954 898 2026 permulta—
912 1969 989 2013 nam
1010 1955 1117 2027 potius
1137 1953 1321 2012 coniectura

149 2081 247 2138 quam
270 2066 416 2126 codicum
436 2082 494 2140 ope
515 2067 766 2140 Stephanianam
791 2067 965 2126 editionem
990 2067 1161 2126 emendare
1185 2067 1321 2125 conatus

149 2181 199 2238 est
221 2213 260 2221 -
282 2195 364 2251 quae
395 2180 490 2252 longa
520 2181 589 2238 dies
613 2180 807 2252 improbavit
832 2181 984 2255 continet,
1009 2181 1119 2238 tamen
1141 2179 1321 2239 innumeris

147 2293 226 2351 locis
257 2294 379 2351 certam
400 2293 561 2352 medelam
581 2293 716 2352 Politiae
740 2293 851 2351 attulit
873 2295 985 2365 totque
1009 2293 1146 2366 egregiis
1170 2292 1320 2366 suspicio-

148 2406 242 2464 nibus
273 2406 414 2464 abundat
444 2409 481 2463 ut
515 2420 571 2464 eas
601 2406 749 2477 religiose
781 2406 968 2465 examinare
992 2408 1025 2464 et
1048 2406 1275 2465 commendare
1292 2405 1320 2463 si

148 2520 207 2577 hac
239 2519 309 2576 lucc
340 2518 420 2576 mihi
452 2518 566 2589 dignae
599 2519 792 2593 viderentur,
820 2534 884 2577 nou
908 2519 1133 2577 dubitaverim.
1157 2520 1194 2578 In
1219 2520 1322 2579 altera

149 2628 236 2706 (anni
274 2630 369 2705 1822)
406 2631 544 2690 editione
579 2631 762 2690 adornanda
796 2631 910 2689 Astius
942 2632 1041 2704 copiis
1072 2646 1153 2703 quas
1183 2633 1321 2691 Bekkeri

149 2744 348 2803 admirabilis
388 2745 547 2803 industria
589 2746 834 2817 comparaverat
867 2759 948 2803 usus
983 2744 1154 2803 nonnullos
1190 2744 1320 2816 quidem

148 2873 272 2916 errores
307 2858 339 2915 in
370 2857 474 2930 priore
504 2857 642 2915 editione
672 2856 865 2916 commissos
896 2858 965 2929 ipse
997 2852 1132 2915 sustulit
1155 2872 1320 2929 novasque

148 2972 270 3042 aliquot
304 2970 503 3042 suspiciones
538 2970 668 3044 addidit,
704 2970 761 3029 sed
794 2970 864 3029 eius
892 2971 1001 3030 iudicii
1033 2970 1197 3029 subtilitas
1228 2971 1321 3044 quasi

147 3085 270 3155 ingenti
301 3097 458 3142 novarum
490 3082 664 3142 lectionum
690 3082 775 3141 mole
799 3098 951 3156 oppressa
974 3084 1142 3157 paululum
1166 3091 1323 3159 ναρκῆσαι,

147 3199 184 3254 111
208 3197 371 3255 Platonico
391 3195 488 3254 verbo
509 3199 591 3269 utar,
613 3196 693 3254 mihi
715 3196 786 3255 visa
806 3199 865 3257 est.
887 3197 1031 3268 Utraque
1051 3199 1162 3256 tamen
1182 3196 1321 3255 editione

149 3309 297 3368 Civitatis
320 3313 432 3370 textus
456 3312 655 3369 immensum
680 3315 840 3383 quantum
864 3312 1035 3382 provectus
1060 3310 1119 3368 est.

93 3413 124 3475 k.
194 3423 344 3480 8111116111
367 3424 405 3482 de
430 3422 567 3482 civitate
591 3424 713 3483 edenda
737 3424 855 3482 merita
878 3422 943 3480 iere
968 3422 1060 3479 unice
1085 3420 1205 3497 eximio
1229 3435 1320 3493 appa-

148 3535 221 3591 ratu
257 3535 366 3592 critico
401 3537 614 3595 continentur.
650 3537 856 3595 Festinanter
890 3533 977 3593 enirn
1013 3533 1157 3592 Platonis
1191 3535 1321 3593 textum

149 3661 190 3704 ex
222 3646 388 3705 duodecim
421 3647 581 3706 cedicibus
613 3646 779 3723 (AdDH
788 3650 816 3704 K
831 3641 1067 3722 otrnraqc),
1099 3661 1180 3717 quos
1215 3649 1321 3706 contu·

147 3759 239 3834 ierat,
272 3759 440 3818 constituit
470 3774 533 3818 non
561 3775 689 3833 semper
714 3761 853 3834 optimos
877 3761 975 3820 duces
1000 3758 1040 3835 (A
1064 3762 1096 3818 61
1121 3756 1164 3836 Π)
1189 3760 1321 3833 eligens,

146 3875 203 3933 sed
227 3873 418 3946 interpolato
443 3874 565 3933 Monac.
590 3889 610 3946 q
631 3875 761 3934 incaute
783 3890 872 3934 usus

93 3980 122 4042 b.
192 3987 448 4046 Scannaaurrrus
483 3987 676 4046 editionibus
708 3989 801 4047 annis
832 3988 915 4047 1829
940 3989 973 4045 61
999 3988 1083 4046 1850
1108 3981 1129 4061 ¹)
1154 3988 1187 4044 in
1215 3986 1321 4045 lucem

146 4100 277 4158 emissis
308 4115 370 4159 non
399 4101 485 4159 male
509 4100 548 4160 de
571 4101 685 4160 Politia
711 4101 848 4160 meritus
872 4103 922 4160 est
945 4101 1060 4174 quippe
1084 4100 1167 4172 quod
1191 4115 1255 4159 non
1280 4133 1320 4141 —

145 4215 181 4270 ut
211 4215 324 4285 postea
354 4214 533 4273 Hermanui
566 4216 714 4289 exemplo
746 4216 905 4274 adductus
936 4215 969 4272 in
1000 4215 1074 4274 edit.
1099 4215 1146 4272 111
1175 4213 1322 4273 Gothana

145 4325 360 4397 comparanda
384 4326 460 4386 fecit
486 4361 525 4368 -
550 4329 673 4387 temere
698 4328 859 4387 codicibus
882 4326 980 4387 fidem
1004 4327 1126 4402 habuit,
1146 4327 1204 4386 sed
1223 4341 1321 4385 sanas

180 4578 197 4639 l)
216 4582 300 4631 Editio
318 4584 464 4641 storeotypa
481 4577 566 4645 (1867,
585 4583 648 4629 1873
667 4579 796 4647 repetita).
