3000 5018
823 240 883 298 112

263 421 365 496 τελέως
387 427 540 488 servavit.
567 427 770 501 Optimorum
794 426 881 486 codd.
907 425 979 486 lect.
1004 422 1130 504 κότερον
1154 415 1247 503 [οὖν],
1265 415 1304 502 ἧν
1329 418 1356 484 δ’
1381 421 1433 503 ἐγώ

263 538 411 612 probavit
430 555 515 599 unus
534 540 644 600 Baiter
656 538 851 614 campbellio
863 539 897 597 in
909 538 995 598 notis
1010 553 1075 598 non
1087 538 1293 614 adversante,
1307 537 1434 612 optime.

266 651 314 709 Ex
345 667 382 711 eo
411 652 498 711 enim
521 654 604 725 quod
627 654 704 713 urbs
728 649 807 728 σοφν)
832 650 1022 726 appellanda
1046 653 1106 728 est,
1130 667 1196 712 non
1219 649 1361 712 efficitur
1382 649 1438 726 φί-

216 746 244 811 Ῑλ
267 768 357 836 λακας
387 758 463 825 εἶναι
493 764 628 838 ἐλάττους
659 774 718 826 τῶν
747 762 885 844 χαλκέων.
911 756 931 848 ΙΙ
955 765 1032 826 Delo
1056 762 1228 826 verbasci
1251 761 1343 843 με’ρει,
1364 779 1438 825 nam

266 874 356 949 ἔθνος
376 880 442 940 iam
462 880 623 954 significat
646 882 823 956 „partem”
839 880 878 941 ef.
892 880 995 939 48οΒ
1015 878 1116 939 4210
1137 880 1202 939 433
1214 878 1261 952 Α;
1274 877 1440 938 Platonica

265 991 382 1052 civitas
404 993 438 1053 in
461 991 538 1071 ἔθνη
561 1009 586 1054 s.
611 989 682 1071 ηίνη
706 993 811 1053 divisa
833 995 893 1066 est.
918 992 991 1052 Noli
1015 993 1062 1052 eis
1086 991 1226 1068 credere,
1251 991 1308 1064 qui
1327 992 1440 1065 putant
1459 1012 1472 1053 .-

266 1104 434 1165 Platonem
465 1106 598 1166 vocibus
628 1106 758 1166 insolito
789 1107 885 1166 modo
912 1105 1064 1167 adhibitis
1087 1105 1249 1166 addidisse
1274 1107 1351 1164 urerea
1377 1103 1439 1164 vul·
1456 1139 1472 1150 -

266 1215 356 1289 geria
390 1218 613 1292 explicationis
647 1219 760 1292 gratia.
797 1219 975 1293 Nugantur.
1008 1218 1083 1279 Mox
1113 1218 1236 1292 corrige
1267 1215 1313 1294 εἴη
1349 1212 1436 1293 (ri)
1450 1249 1472 1265 -

267 1327 341 1386 κατὰ
364 1329 465 1405 φύσιν.

123 1444 187 1502 429
215 1437 245 1505 A
314 1434 385 1501 Pari
413 1445 442 1503 A
471 1445 544 1505 lect.
576 1440 671 1524 ἔμοιγ’
707 1437 762 1506 οὖν
792 1462 849 1520 pro
873 1442 936 1522 ἐμοὶ
963 1453 1038 1524 γοῦν
1060 1445 1170 1506 Baiter
1193 1444 1326 1521 recepit,
1348 1444 1472 1506 male«

269 1554 484 1617 Herwerdeno
515 1558 588 1628 (Mn.
624 1559 719 1629 1883)
750 1559 782 1618 in
815 1559 932 1619 vicinia
963 1558 1135 1631 corrigenti
1159 1547 1198 1616 ad
1221 1556 1264 1629 τίς
1287 1578 1318 1617 τε
1340 1553 1392 1616 καί
1412 1554 1472 1615 ἐι-

269 1661 292 1750 ᾧ
316 1671 400 1750 (reti)
423 1675 514 1730 κεῖται
534 1672 686 1732 assentiri
704 1687 837 1747 nequeo,
857 1671 1049 1746 praesertim
1070 1686 1146 1731 cum
1166 1671 1301 1745 vulgata
1316 1686 1352 1732 se
1365 1671 1472 1731 hen-

269 1780 387 1841 habeat
410 1784 443 1842 et
465 1784 637 1857 praecedat
659 1782 732 1842 αὐτό
751 1804 780 1842 τε
800 1781 850 1842 καλ
870 1782 947 1843 λίνων
960 1828 966 1840 .
980 1828 986 1840 .
1000 1828 1026 1840 ..
1047 1782 1171 1862 ἵδρυται.
1185 1782 1472 1846 construendum

270 1890 392 1972 ἀνδρεία
422 1893 471 1954 καλ
501 1894 576 1973 αὐτὴ
608 1895 644 1956 οὐ
667 1895 777 1975 χαλεπὴ
801 1906 913 1977 γνῶναι
937 1902 987 1968 (ex
1012 1896 1087 1956 ἰδεῖν
1110 1896 1318 1967 sumendum)
1342 1891 1393 1955 κοιλ
1413 1917 1469 1953 τ.-

216 2003 246 2069 Β
269 2005 319 2083 „lv
342 2002 365 2091 ᾧ
388 2003 493 2068 κεῖται”
521 2008 557 2069 οὐ
580 2008 708 2088 χαλεπὸν
731 2009 816 2071 ἰδεῖν.
843 2002 862 2093 ΙΙ
885 2010 991 2072 Verba
1011 2031 1040 2070 τε
1059 2007 1110 2069 καλ
1129 2009 1315 2088 στρατεύεται
1334 2008 1472 2082 υλρολῖι

222 2115 246 2183 b
269 2121 595 2198 interpretamentum
619 2123 754 2184 delenda
773 2126 860 2198 puto.
887 2116 906 2207 ΙΙ
931 2125 1042 2184 Herm.
1068 2124 1166 2198 (proh.
1187 2124 1328 2194 Baitero)
1350 2121 1472 2186 verba

271 2233 365 2313 αὐτὴν
400 2236 546 2315 σωτηρίαν
577 2237 840 2311 circumscripsit.
873 2238 912 2298 Η.
944 2237 1084 2298 Jackson
1115 2237 1235 2307 (Journ.
1269 2236 1305 2297 oi
1332 2235 1459 2299 Philol.

274 2350 368 2420 1872)
393 2351 430 2410 ci.
451 2340 490 2408 αλ
510 2347 564 2426 τὴν
584 2350 739 2429 σωτηρίαν.
760 2351 837 2410 Mihi
856 2353 968 2410 textus
990 2351 1185 2410 sanissimus
1198 2350 1338 2426 videtur,
1352 2349 1451 2409 modo

271 2462 308 2522 V.
344 2463 378 2523 L.
413 2473 452 2546 τῷ
485 2468 551 2538 (pro
580 2461 622 2534 τὸ)
655 2480 729 2524 cum
760 2465 856 2540 Bkk0,
881 2465 983 2540 Aetio,
1008 2463 1238 2535 statiburees)
1263 2463 1440 2544 recipiatur.

187 2558 189 2562 ’
271 2577 341 2636 Non
371 2576 516 2650 intelligo
546 2577 619 2650 quis
650 2579 748 2638 verba
772 2575 866 2653 αὐτην
891 2577 1038 2656 σωτηρίαν
1058 2578 1175 2638 addere
1198 2576 1350 2652 potuerit.
1374 2575 1435 2634 Pro·

271 2705 390 2751 nornen
421 2687 515 2766 αὐτὴν
545 2690 706 2763 significet
736 2691 892 2750 nimirum
923 2688 977 2767 την
1008 2687 1157 2768 ἀνδρείαν.
1181 2691 1334 2751 Fortasse
1355 2687 1432 2750 corri-

272 2804 412 2876 gendum
435 2800 568 2877 (διὰ)
590 2800 623 2862 τὸ
643 2800 674 2861 ἕν
694 2824 723 2862 τε
742 2807 792 2862 κτλ
812 2805 845 2863 et
861 2803 894 2863 in
907 2804 1081 2878 archetypo
1094 2803 1156 2863 init
1171 2785 1428 2889 ΟΩΤΗΡΙᾹᾼΤΘ.

273 2916 452 2977 Pronomen
483 2913 577 2992 αὐτὴν
607 2918 681 2990 post
711 2915 908 2987 διασώζεσθαι
939 2917 1059 2977 indicat
1089 2913 1144 2992 τὴν
1175 2914 1267 2989 δόξαν
1299 2913 1353 2992 τὴν
1379 2907 1429 2990 ιιερλ

219 3034 250 3098 l)
272 3038 331 3088 τῶν
366 3029 479 3088 δεινῶν.
505 3021 524 3111 ΙΙ
547 3029 763 3089 Herwerdeno
798 3031 872 3100 (Mn.
911 3030 1005 3100 1883)
1038 3030 1210 3104 corrigenti
1244 3023 1325 3100 [ὥστ’
1358 3019 1427 3094 εἶναι)

274 3140 405 3223 ἁλουργά
433 3143 528 3216 plane
557 3143 734 3218 assentior;
766 3145 856 3203 totus
880 3144 933 3203 hie
955 3143 1046 3204 locus
1070 3143 1279 3204 emblematis
1303 3143 1428 3204 foedatus

274 3260 333 3318 est.
355 3258 426 3318 Iam
446 3256 619 3317 Schneider
638 3257 764 3317 monuit
783 3256 1023 3335 θεραπεύσαντες
1035 3259 1222 3331 corruptum
1235 3272 1318 3333 esse,
1331 3250 1429 3328 requiri

275 3372 362 3433 enim
385 3369 610 3449 στρατεύοντες.
630 3369 707 3429 Mihi
728 3386 792 3430 vox
811 3370 921 3444 spuria
941 3371 1078 3447 videtur,
1098 3370 1174 3443 quia
1191 3369 1286 3444 plane
1298 3365 1428 3437 abundat,

275 3499 352 3544 nam
375 3481 667 3562 προιιαρασκευολζειν
690 3483 775 3543 idem
800 3485 851 3544 est
875 3498 912 3543 ac
931 3483 1170 3562 condecoratam
1190 3483 1234 3553 (in
1253 3483 1272 3552 ἓ
1291 3482 1336 3552 Ε).
1356 3481 1428 3540 Prae·

224 3597 364 3662 llterea
398 3611 464 3656 vox
497 3605 670 3679 παρασκευῇ
704 3597 797 3658 unice
832 3598 872 3657 ad
905 3595 1223 3677 τροταρασκευάζουσι
1254 3577 1427 3670 οοονοοὶλ.)Ι

276 3709 404 3783 Optime
427 3708 664 3770 Herwerdenus
688 3709 760 3779 (Mn.
789 3710 883 3780 1883)
903 3710 1002 3770 verba
1021 3707 1053 3769 τὸ
1073 3706 1181 3787 βαφέν,
1201 3725 1283 3784 quae
1304 3701 1428 3771 Schneid.

276 3823 309 3881 et
328 3821 458 3895 oampb.
479 3819 559 3881 τάνυ
579 3831 755 3897 σοφιστικῶς
775 3823 961 3899 defendunt,
979 3823 1082 3884 eiecit.
1097 3823 1158 3883 Pro
1170 3815 1430 3892 saevaidemlll.)

276 3935 410 4007 requirit
444 3941 530 3993 τοῦτο
565 3935 736 4010 („reiertur
767 3937 806 3996 ad
838 3935 908 4013 μίαν
940 3936 1033 4011 φύσιν
1063 3934 1117 4013 τὴν
1147 3943 1206 3995 τῶν
1237 3937 1388 4009 λευκῶν),
1405 3928 1431 3990 ai

276 4049 430 4111 facillime
461 4046 524 4128 ἔρια
555 4050 666 4108 mente
697 4049 845 4122 supplere
877 4051 993 4125 possis.
1021 4042 1430 4130 Ριοηελοῖα81ι1111).(18581

277 4163 461 4224 dubitanter
492 4163 530 4223 ci.
555 4156 685 4239 ἀγελαῖα,
707 4162 790 4233 quod
815 4163 896 4221 mihi
919 4179 982 4224 non
1006 4164 1121 4239 placet.
1146 4165 1265 4234 Γελοῖος
1289 4164 1320 4224 h.
1343 4162 1363 4223 l.
1384 4167 1432 4219 nou

278 4277 398 4352 ineptae
418 4277 475 4347 (sic
494 4277 576 4352 Ast),
597 4276 654 4335 sed
673 4275 825 4336 κίοίίιιιίκσ
843 4276 1012 4349 significat.
1035 4276 1162 4351 corrige
1184 4274 1300 4350 <τὸ>
1312 4279 1432 4335 τοιοῦτον

278 4388 380 4448 τοίνυν
403 4392 462 4447 κτλ.

132 4507 198 4567 430
228 4500 259 4568 Α
327 4503 491 4563 Herwerd.
516 4503 589 4572 (Mn.
617 4504 711 4573 1883)
735 4503 772 4563 ci.
798 4499 947 4580 ἐκκλίνον,
970 4504 1055 4565 sicut
1077 4503 1206 4584 γίγνοιτο
1226 4504 1436 4580 imperfectum
