3000 5018
781 273 842 332 104

76 459 140 518 420
167 455 198 520 A
266 458 404 522 Oobetus
434 457 524 537 (nota
554 455 629 536 ms.)
662 460 749 519 recte
780 457 920 518 correxit
950 453 1074 517 ἐπίσιτοι
1104 474 1161 534 pro
1189 457 1335 537 ἐπισίτιοι,
1356 459 1390 521 ol.

219 571 390 650 παράσιτος,
431 568 540 647 άσιτος,
576 567 699 644 εάσιτος,
732 568 897 645 κακόσιτος,
931 568 1089 644 φιλόσιτος.
1125 571 1313 633 Verisimile
1348 574 1394 633 eei

221 681 347 755 ἐπίσιτος
386 684 551 758 antiquius
585 698 654 743 voc.
691 697 763 742 esse
798 697 897 755 quam
934 678 1082 754 ἐπισίτιος.
1119 685 1235 745 Suidas
1272 682 1397 757 ἐπίσιτος

221 797 362 872 explicat
400 793 415 855 ό
455 804 567 875 τροφῆς
605 795 690 874 γόριν
721 793 913 874 ἐργαζόμενος
944 811 1048 870 neque
1080 797 1175 859 aliter
1205 799 1399 861 scholiastes

221 911 417 971 Platonicus.
434 911 528 985 Apud
544 909 710 970 Pollucem
728 911 757 970 6.
775 911 836 982 123
857 909 995 970 occurrit
1006 910 1092 971 inter
1104 926 1235 971 scurrae
1249 908 1399 990 (κόλακος)

221 1024 365 1098 epitheta
384 1023 484 1084 etiam
504 1021 586 1082 κόοιν
606 1020 732 1093 ἐπίσιτος
755 1015 841 1105 (sive
858 1019 1054 1101 ἐπισίτιος).11
1069 1022 1197 1085 Oratete
1208 1024 1402 1086 Athenaeus

222 1133 266 1214 (6.
297 1152 327 1210 p.
361 1133 474 1214 14711)
503 1135 584 1195 citat
606 1137 739 1196 haecce:
764 1133 915 1211 ποιμαίνει
938 1129 968 1193 δ’
996 1132 1134 1195 ἐπίσιτον.
1158 1137 1346 1211 Hesychius
1368 1138 1402 1199 in

222 1264 301 1310 voce
332 1235 470 1319 ἐπισίτιος
498 1249 639 1310 exhibet.
666 1282 706 1291 —
731 1248 802 1309 Non
825 1249 912 1309 male
935 1249 1173 1310 Herwerdenus
1198 1247 1275 1327 (Mn.
1303 1248 1401 1329 1883)

223 1378 337 1424 vocem
368 1360 561 1422 ἀναλίσκουσι
591 1361 760 1421 delendam
792 1362 928 1423 censuit.
962 1362 1036 1422 Mox
1068 1365 1155 1423 recte
1185 1362 1253 1424 fero
1285 1378 1403 1424 omnes

176 1466 200 1534 0
224 1477 314 1537 editt.
345 1476 616 1550 interpunxerunt
647 1475 675 1533 τί
706 1465 761 1534 οὖν
789 1474 826 1550 δὴ
850 1472 1111 1553 ἀπολογησόμεθα,
1133 1474 1210 1559 prim
1234 1467 1255 1560 ΙΙ
1278 1477 1403 1538 Parum

223 1589 322 1649 refert
352 1591 463 1648 utrum
495 1589 571 1648 ante
602 1583 719 1666 ὀλίγους
752 1591 790 1657 (c.
821 1588 933 1648 Herm.
961 1586 1105 1667 Gampb.)
1129 1589 1402 1663 interpungamus

222 1715 329 1761 annon
361 1697 420 1777 (sic
451 1700 570 1761 melius
602 1700 749 1761 Schneid.
781 1700 865 1760 Bait.
897 1701 1061 1761 Herwerd.
1093 1700 1156 1762 Mn.
1192 1699 1302 1778 1891),
1326 1702 1403 1776 quia

221 1813 353 1874 omnino
376 1828 509 1874 necesse
532 1815 584 1874 est
607 1808 735 1892 ὀλίγους,
757 1813 809 1873 cui
833 1810 906 1890 όλὴν
925 1813 1110 1888 oppositum
1129 1815 1184 1889 sit,
1207 1815 1247 1874 ad
1267 1811 1401 1886 καθέντες

222 1926 343 1987 referri.
364 1926 507 1986 Verbum
527 1922 727 2004 ἀπολαβόντες
752 1925 898 1987 absolute
919 1926 1099 1987 adhibitum
1120 1929 1171 1987 est
1190 1929 1228 1987 ut
1247 1927 1282 1987 in
1306 1927 1400 2002 Gorg.

223 2039 325 2099 49511
349 2038 407 2098 ult.
430 2038 605 2098 -Vocem
625 2034 749 2117 ἀνδριὰς
768 2039 801 2099 h.
814 2038 835 2099 l.
855 2039 922 2098 iam
942 2042 1069 2100 veteres
1091 2036 1189 2117 (recte
1198 2041 1224 2111 1)
1245 2040 1284 2101 de
1297 2036 1404 2115 figura

224 2152 320 2226 picta,
344 2166 408 2211 non
432 2152 471 2211 de
495 2152 587 2225 signo
610 2152 843 2212 intellexerunt
867 2149 919 2228 (of.
941 2153 1110 2214 Antiattic.
1131 2153 1212 2215 Bkk.
1230 2171 1260 2228 p.
1282 2155 1336 2216 82.
1361 2156 1398 2214 11

226 2259 359 2340 ἀνδριάς·
379 2261 430 2322 καὶ
450 2261 497 2322 ἐπὶ
516 2273 626 2346 γραφὴ.
648 2263 775 2324 Πλάτων
795 2264 951 2347 nonacrim
970 2266 1047 2327 Lex.
1068 2267 1150 2327 rhet.
1170 2266 1252 2327 Bkk.
1272 2281 1303 2342 p.
1325 2266 1399 2327 211.

229 2377 268 2435 14
292 2373 463 2454 ἀνδριάντα·
486 2373 538 2435 τὸν
560 2380 689 2453 χαλκοῦν
713 2373 733 2454 ἡ
755 2374 807 2436 τὸν
828 2376 948 2435 λίθινον
968 2373 988 2454 ἡ
1007 2375 1057 2436 καὶ
1075 2375 1130 2454 τὴν
1153 2374 1298 2458 γραφήν),
1320 2379 1401 2439 item

226 2488 377 2549 Schaefer
408 2486 526 2566 (Melet.
559 2504 588 2562 p.
621 2486 705 2567 102).
730 2490 877 2563 Plerique
901 2491 1013 2550 autem
1037 2491 1076 2551 de
1099 2491 1401 2552 statuiscoloribus

226 2602 420 2662 exornandis
443 2602 651 2676 cogitandum
676 2618 748 2664 esse
772 2606 978 2680 censuerunt,
1004 2605 1121 2665 videi.
1146 2620 1175 2665 a.
1196 2621 1220 2665 1.
1245 2618 1280 2665 11.
1306 2619 1400 2666 sonu·

178 2719 204 2783 Ε
227 2732 313 2776 annu
332 2717 365 2776 in
385 2716 491 2777 Fleck.
515 2716 585 2777 Jbb.
613 2717 697 2776 1874
724 2717 967 2792 „Polychromio
991 2717 1048 2778 der
1070 2718 1203 2778 antiken
1222 2717 1356 2778 kunst.”
1379 2712 1397 2799 Ι)

226 2821 298 2889 Pari
329 2831 358 2889 A
388 2829 561 2889 lectionem
592 2827 722 2902 ἐπιδέξια
749 2831 925 2904 probarunt
955 2832 1017 2890 Ast
1044 2831 1125 2891 Bkk.
1150 2829 1262 2892 Herm.
1288 2829 1399 2892 stallo.

227 2937 339 3018 (1858)
382 2942 464 3003 Bait.
508 2943 639 3018 Gampb.
683 2946 857 3018 praeeunte
893 2944 1090 3005 casaubono.
1124 2943 1325 3005 Aduerbium
1362 2943 1401 3004 ad

227 3053 452 3126 κατακλίναντες
475 3056 624 3130 pertinet.

81 3177 144 3235 421
173 3171 202 3236 Α
271 3168 376 3229 Verba
396 3163 493 3245 εἰμὲν
514 3165 586 3245 (hoc
606 3163 660 3245 μὲν
680 3169 713 3229 in
734 3154 827 3230 Vind.
848 3169 1015 3244 opunctis
1027 3171 1188 3246 notatum,
1201 3171 1235 3231 in
1247 3169 1403 3243 Monacq

226 3279 398 3361 omissum)
424 3272 480 3342 οὖν
502 3277 586 3358 ἡμεῖς
610 3277 663 3358 μὲν
684 3284 834 3356 corrupta
853 3297 925 3342 esse
945 3282 1012 3342 iam
1033 3281 1129 3342 multi
1149 3283 1253 3344 lucide
1273 3283 1402 3343 demon·

227 3400 382 3473 strarunt,
415 3412 490 3457 cum
521 3395 548 3455 εί
577 3396 654 3456 ferri
683 3398 824 3470 nequeat
854 3411 913 3456 nec
937 3397 1035 3456 verba
1058 3393 1083 3454 εἰ
1106 3391 1160 3471 μέν
1183 3385 1239 3455 οάν
1263 3395 1404 3470 elliptice

227 3510 290 3571 dici
312 3511 475 3582 potuerint
493 3524 550 3584 pro
574 3508 600 3568 εί
622 3505 676 3586 μὲν
700 3499 756 3568 οὖν
776 3502 866 3568 ταῦθ’
894 3507 987 3579 οὕτως
1007 3505 1071 3586 ἔχει.
1090 3507 1177 3568 Astii
1196 3509 1257 3569 0⁶¹m
1279 3506 1318 3579 [εί
1336 3503 1401 3584 μὲν]

227 3616 311 3698 ἡμεῖς
342 3615 396 3695 μέν
424 3611 480 3679 οὖν
503 3625 552 3680 κτλ
577 3619 660 3699 (lieri
683 3621 771 3682 enim
794 3621 899 3695 potuit
921 3622 958 3679 ut
981 3620 1079 3680 verba
1102 3614 1186 3696 ἡμεῖς
1218 3614 1272 3697 μὲν
1303 3610 1405 3681 oliva

228 3733 356 3793 librario
376 3733 426 3793 bis
446 3735 566 3809 scripta
585 3735 704 3808 aliquis
723 3735 899 3794 correxerit
920 3734 954 3793 in
973 3749 1049 3794 eum
1069 3734 1214 3808 modum,
1236 3748 1300 3806 quo
1318 3748 1405 3795 nuno

228 3846 324 3920 vulgo
356 3844 473 3925 editur)
510 3863 572 3907 non
612 3848 838 3924 improbarem,
875 3847 940 3906 nisi
973 3861 1088 3907 verum
1123 3846 1204 3905 mihi
1239 3846 1406 3908 videretur

227 3961 385 4035 reperisse
419 3960 584 4021 Herwerd.
617 3953 693 4040 (Mn.
729 3958 825 4039 1883)
857 3960 952 4020 valde
986 3959 1151 4032 ingeniose
1190 3958 1356 4020 coniciens
1386 3952 1406 4043 ἡ

228 4078 294 4148 (pre
325 4071 362 4152 εί)
394 4070 447 4151 μὲν
482 4062 538 4132 οὖν
568 4067 652 4149 ἡμεῖς
686 4068 892 4151 <λὲγο>μεν,
922 4073 1059 4149 φύλακας
1092 4075 1153 4149 κτλ,
1186 4087 1250 4146 qua
1285 4074 1320 4133 0⁸
1357 4089 1405 4134 se·

227 4188 359 4259 quentia
376 4183 392 4246 1
412 4181 441 4245 δ’
464 4183 559 4245 ἐκεῖνο
578 4182 671 4265 λόγων
691 4185 820 4262 habent,
841 4187 893 4246 cui
912 4187 1135 4261 respondeant.
1156 4186 1222 4247 Nee
1234 4187 1406 4259 sequentia

227 4300 344 4360 mendo
387 4303 515 4375 carent;
559 4301 652 4360 Astio
690 4297 741 4358 καὶ
776 4301 851 4360 ante
886 4298 983 4379 ὥσπερ
1017 4300 1215 4375 expungenti
1248 4301 1404 4375 assentio,

227 4411 378 4485 quoniam
410 4413 573 4472 sententia
604 4414 655 4472 est
686 4413 783 4473 haec:
817 4408 832 4471 ό
863 4406 891 4470 δ’
925 4410 1019 4471 ἐκεῖνο
1048 4409 1104 4490 (sc.
1131 4410 1168 4472 οά
1190 4410 1404 4491 προσὴκονσαν

227 4524 421 4602 εὐδαιμονίαν
443 4533 535 4583 πᾶσιν
559 4530 619 4596 τοῖς
639 4524 771 4595 πολίταις
792 4523 970 4604 προσάπτειν
991 4522 1065 4602 δεῖν)
1086 4521 1179 4604 λέγων
1199 4523 1234 4584 οὐ
1254 4523 1403 4606 γεωργοὺς
