3000 5018
628 273 665 330 11

55 460 145 519 istinc
176 457 269 529 (αὐτὸ)
301 460 386 519 enim
418 460 539 519 amoris
566 461 708 533 impetus
732 476 768 520 ac
792 461 954 520 cruciatus
977 460 1146 536 significat,
1173 462 1228 519 mi-

57 573 145 632 nime
176 574 288 633 autem
318 572 509 632 facultatem
540 570 591 642 (ἔτι
622 565 683 642 οἷός
714 566 740 630 τ’
767 566 801 643 εἰ)
826 574 922 633 rebus
945 573 1084 633 veneriis
1109 574 1228 648 utendi,

57 701 120 758 qua
139 701 244 758 neque
263 685 318 744 alii
337 701 396 745 neo
417 685 598 761 Sophocles
612 687 644 745 ni
657 685 760 761 fallor,
774 684 969 762 ἀσμεναίτατα
982 687 1228 746 destituebatur.

56 800 206 859 Praestat
229 797 300 859 αὐτὸ
317 794 337 870 1)
362 797 517 878 ἀπέφυγον
541 814 640 873 quam
661 798 736 858 αὐτὰ
757 797 912 879 ἀπέφυγον
934 801 990 871 (Sic
1011 800 1228 873 016111.Α1θ11.,

56 913 285 989 Theodoretus‚
311 913 429 983 Theon)
453 914 568 990 legere,
593 914 669 986 quia
688 911 786 972 αὐτὰ
805 911 982 991 τάφροδίσια
1002 915 1132 974 tantum
1153 914 1228 973 indi·

56 1026 118 1094 cat,
161 1022 233 1083 α-ὐτὸ
268 1041 344 1086 vero
378 1033 431 1084 τοῦ
466 1023 686 1104 ἀφροδισιάζειν
720 1027 889 1102 impetum,
925 1042 1021 1100 quem
1057 1026 1229 1100 sophocles

56 1139 173 1198 festive
208 1154 283 1198 cum
318 1139 438 1212 agresti
473 1155 511 1200 ac
544 1139 664 1200 furioso
700 1140 829 1200 domino
865 1141 1074 1213 comparavit.
1110 1140 1228 1200 Parum

55 1253 143 1312 recte
174 1252 256 1311 Bait.
285 1254 318 1311 et
342 1251 472 1327 Campb.
497 1249 694 1328 ἀσμενέστατα
718 1268 774 1327 pro
798 1249 994 1327 ἀσμεναίτατα
1018 1255 1228 1327 revocarunt;

55 1365 253 1425 testimoniis
283 1365 446 1425 Eustatbii
477 1368 509 1425 et
540 1366 647 1439 atym.
680 1365 787 1438 Magni
818 1367 856 1425 ab
881 1366 974 1425 Aetio
998 1366 1106 1426 allatis
1131 1367 1229 1426 addas

56 1478 229 1561 Phrynichi
260 1479 350 1549 (Bkk.
382 1494 411 1553 p.
446 1480 496 1540 12.
523 1480 574 1549 11)
598 1476 797 1557 ἀσμενώτερος
822 1477 872 1538 διὰ
894 1487 947 1538 τοῦ
972 1487 1004 1538 ob.
1027 1477 1059 1538 τὸ
1083 1476 1230 1557 ἐπίρρημα

55 1588 333 1668 ἀσμεναίτατα.
364 1593 493 1668 Optime
524 1592 674 1653 Clemens
705 1594 798 1654 Alex.
827 1594 990 1667 (probante
1014 1593 1229 1652 Herwerdeno

55 1705 119 1764 Mn.
151 1705 246 1775 1888)
269 1706 302 1764 in
326 1706 405 1780 ipsis
429 1707 679 1781 comparationis
704 1707 810 1766 verbis
833 1706 1037 1781 participium
1062 1701 1230 1782 ἀποφυγὼν

55 1818 177 1893 omisit,
198 1819 281 1890 quod
301 1821 355 1892 qui
375 1820 434 1879 viri
451 1821 535 1880 docti
548 1820 673 1880 tamdiu
687 1821 828 1896 tulerint,
842 1821 1052 1880 vehementer
1065 1821 1172 1879 miror.
1188 1854 1227 1862 -

55 1932 156 1991 Paulo
175 1934 249 2006 post
268 1933 414 1992 omnium
434 1934 569 1994 Politiae
589 1934 736 1994 codicum
755 1933 914 2008 principes
934 1934 1005 1993 Par.
1020 1934 1048 1992 A
1061 1935 1093 1993 et
1105 1933 1185 1992 Ven.
1203 1936 1233 1990 ll

53 2045 314 2118 coniunctionem
337 2044 393 2124 yolo
416 2049 489 2121 post
513 2045 632 2106 ἕττειδδιν
657 2048 813 2107 omittunt
833 2047 998 2120 secutique
1020 2049 1095 2105 sunt
1118 2046 1229 2106 Herm.

53 2154 138 2214 Bait.
165 2155 321 2219 schmelz.
348 2159 469 2220 Wohlr.
496 2160 637 2236 campo„
661 2164 737 2220 recte
761 2165 970 2234 (quamquam
996 2176 1059 2220 non
1083 2161 1232 2219 orateur

53 2266 304 2342 interpunctiob
325 2272 371 2332 ita
392 2276 573 2334 mutaretur
593 2280 629 2333 ut
649 2276 813 2334 structura
834 2275 980 2334 contorta
999 2273 1111 2348 fieret),
1130 2287 1229 2345 quum

56 2383 216 2457 Cephalus
246 2386 296 2444 bis
323 2387 408 2447 idem
434 2388 528 2464 dicat,
552 2388 619 2448 illic
642 2404 775 2449 causam
802 2387 944 2466 (εἰρήναν)
965 2389 1058 2447 iuxta
1078 2388 1230 2447 effectum

55 2493 249 2573 (ἐλευθερίαν)
273 2513 405 2575 ponens,
429 2500 481 2559 hic
504 2501 657 2560 effectum
681 2499 722 2570 (τὸ
743 2497 940 2577 ἀπηλλάχθαι)
961 2515 1078 2560 causae
1100 2496 1230 2569 (ἐττειδδν

10 2621 24 2684 )
54 2609 89 2667 αἱ
118 2607 198 2670 ε’ττιθ.
233 2616 293 2682 κτλ)
326 2614 531 2674 submittens,
558 2605 576 2697 ΙΙ
602 2614 713 2674 Stallb.
746 2614 854 2685 (1829)
882 2613 1065 2673 rectissime
1090 2610 1230 2690 (Baitero

55 2724 155 2796 prob.)
180 2722 238 2783 ἔστι
259 2727 430 2786 delendum
448 2729 574 2787 censuit
583 2746 590 2801 ;
605 2727 731 2787 utinam
743 2727 811 2801 ipse
825 2728 1043 2801 conjecturam
1056 2726 1089 2785 in
1102 2727 1231 2786 textum

56 2838 197 2912 recipere
218 2855 317 2899 ausus
338 2842 441 2900 esset!
466 2874 505 2882 -
527 2841 676 2900 Alterum
696 2841 775 2900 illud
795 2832 818 2899 ὦ
838 2839 992 2918 Σώκρατες
1006 2841 1042 2901 ut
1054 2856 1095 2899 ex
1107 2855 1231 2914 praece·

56 2951 205 3010 dentibus
240 2952 326 3011 male
358 2953 531 3026 repetitum
564 2956 776 3029 expungatur,
808 2955 891 3026 quod
922 2969 985 3013 non
1017 2966 1150 3014 necesse
1183 2955 1233 3013 est

56 3064 180 3123 attente
201 3065 440 3125 auscultantem
461 3066 627 3126 Socratem
648 3067 768 3126 iterum
785 3083 804 3126 a
818 3066 955 3140 Cephalo
968 3067 1174 3141 interpellari.
1191 3101 1230 3109 -

56 3177 181 3236 Ultima
211 3178 298 3237 tertii
331 3180 446 3252 capitis
477 3180 632 3239 vocabula
663 3189 701 3261 τῷ
733 3180 855 3264 τοιούτῳ
889 3179 1043 3257 ξυμβαίνει
1067 3180 1230 3240 Herwerd.

57 3290 130 3360 (Mn.
169 3291 263 3360 1883)
299 3292 471 3353 eliminans
506 3293 574 3352 falli
609 3293 689 3351 mihi
726 3293 860 3368 videtur,
894 3293 970 3366 quia
1000 3293 1161 3365 exquisite
1193 3301 1231 3373 τῷ

57 3404 179 3486 τοιούτῳ
193 3395 216 3472 ³)
237 3405 353 3476 singul.
376 3421 511 3465 numero
532 3406 712 3465 adhibitum
734 3408 837 3465 totam
856 3407 997 3480 speciem
1009 3413 1067 3462 τῶν
1080 3403 1232 3463 δυσκόλων

10 3507 219 3593 psignifioau
250 3532 309 3576 neo
341 3517 471 3591 Cephali
499 3519 695 3579 verbositate
727 3534 786 3578 nos
813 3518 931 3579 offendi
957 3519 1092 3592 oportet.
1119 3508 1137 3598 ΙΙ
1161 3517 1231 3576 Noli

58 3647 84 3690 c.
109 3629 325 3689 Herwerdeno
350 3631 422 3700 (Mn.
447 3632 542 3701 1883)
562 3633 719 3704 corrigere
742 3629 892 3707 ἐκτῆσθαι,
916 3632 991 3704 quia
1014 3635 1175 3707 αεντῆσθαι
1200 3634 1231 3690 et

58 3741 200 3820 ἐκτῆσθαι
221 3758 270 3816 ap.
296 3744 465 3803 Platonem
489 3746 671 3817 promiscue
692 3750 889 3818 usurpantur
909 3746 982 3818 post
1000 3746 1231 3804 consonantem

59 3859 108 3928 (ci.
142 3857 249 3918 Cobet.
282 3858 408 3919 in'Mn.
443 3858 528 3919 1862
560 3873 589 3932 p.
618 3854 700 3928 168).
728 3893 765 3902 -
793 3858 910 3919 Cobeto
934 3859 1130 3928 (Mn-1884)
1154 3873 1232 3916 mox

59 4046 277 4055 .—-.—

93 4163 110 4223 ι)
125 4166 194 4212 Illud
212 4166 269 4212 αὐτὸ
287 4169 420 4225 praeterea
437 4167 534 4213 indicat
548 4166 702 4226 Sophoclem
717 4167 802 4225 ipsum
819 4173 862 4210 τῶν
877 4165 1019 4227 ἀφροδισίων
1034 4177 1126 4210 nomen
1142 4165 1232 4210 efferre

57 4246 191 4303 refugisse.
218 4246 377 4303 Quamquam
403 4246 482 4304 igitur
507 4246 564 4292 αδτδ
589 4247 717 4305 explicare
740 4258 886 4305 possumus,
908 4244 964 4290 fleri
988 4246 1074 4292 tamen
1097 4245 1182 4303 potuit
1204 4247 1234 4290 ut

56 4327 193 4384 postquam
219 4325 305 4369 textus
331 4324 500 4383 interpolatus
526 4325 567 4381 sit,
592 4327 663 4371 αδτΑ
689 4339 703 4371 ιι
729 4325 840 4384 quodam
867 4325 1010 4370 correctore
1036 4324 1063 4369 in
1088 4325 1154 4369 αὐτο
1177 4337 1232 4370 rnu-

57 4405 139 4449 tatum
158 4402 198 4446 sit.

91 4476 112 4542 2)
129 4481 280 4527 Rectissime
299 4480 426 4528 Wohlrab.
446 4483 518 4528 colon
536 4484 630 4542 posuit,
649 4486 736 4531 contra
754 4483 846 4541 reliqui
865 4482 976 4528 editores
993 4483 1060 4528 male
1078 4495 1184 4528 comma.

91 4553 112 4621 ³)
130 4558 168 4604 Of.
187 4559 268 4605 3431)
287 4560 299 4604 ὁ
316 4567 420 4612 τοιοῦτος
436 4568 468 4623 τῷ
486 4564 586 4623 τοιούτῳ,
