3000 5018
809 273 849 331 88

248 477 270 522 ο
302 462 372 521 vice
405 476 499 520 versa
527 460 660 519 confusa
684 461 778 533 sunt;
804 459 954 534 exempla
976 459 1083 519 multa
1106 474 1266 534 apponere
1289 459 1431 535 longum

192 577 223 641 l)
247 575 416 647 cethem
441 569 537 649 νυνδὴ
563 573 582 632 1.
608 588 635 633 a.
660 568 732 650 όρτι.
756 564 777 657 ΙΙ
801 571 941 646 Vulgata
963 567 983 650 ἢ
1003 570 1039 631 οὐ
1059 579 1145 631 τοῦτο
1165 571 1432 654 πολυχορδότατον

246 688 316 748 sine
351 687 446 748 dubio
481 688 630 760 corrupta
666 689 726 763 est,
762 687 847 762 quia,
883 686 1012 746 etiamsi
1041 701 1098 760 per
1129 694 1214 745 τοῦτο
1247 686 1432 762 significari

246 802 357 875 posset
387 798 477 871 αὐλός
509 799 591 871 (coll.
620 801 722 862 377ss
746 801 816 875 ult,
842 801 895 860 ubi
918 800 957 861 ad
981 795 1017 859 δν
1040 816 1081 861 ex
1104 806 1286 878 μυθοποιοῖς
1312 804 1432 863 mente

246 914 461 989 supplendum
483 915 534 972 est
552 917 675 990 μῦθον),
697 913 788 975 Plato
806 929 869 973 non
885 914 1070 987 scripsisset
1083 911 1177 973 αὐλοῦ
1191 913 1342 993 (τυγχάνει
1355 911 1433 975 ὄντα

246 1027 383 1106 μίμημα),
414 1027 470 1088 sed
502 1025 595 1087 αὐτοῦ
627 1032 723 1098 (unus
755 1029 822 1088 eod.
853 1044 909 1102 pro
942 1022 1018 1086 αὐτὰ
1041 1026 1076 1087 τόι
1099 1028 1291 1108 παναρμόνια
1316 1027 1432 1089 9111111).

247 1136 339 1200 αὐτοῦ
363 1139 398 1199 τὰ
417 1143 546 1218 ποορ).
570 1139 646 1199 Mihi
666 1141 794 1200 videtur
813 1156 854 1200 ex
875 1142 907 1198 Η
931 1141 988 1199 OY
1008 1143 1059 1200 TO
1078 1140 1294 1216 dittographia
1307 1132 1433 1201 natum

247 1270 320 1315 esse
351 1255 382 1310 H
415 1254 472 1311 OT
494 1253 628 1311 ΤΟΥΤΟ
651 1254 684 1313 et
707 1253 819 1314 deinde
843 1269 918 1314 cum
942 1255 1108 1316 Badhamo
1132 1255 1192 1326 (ed.
1218 1254 1300 1315 Phil.
1330 1254 1433 1316 18781

247 1367 452 1429 scribendum
483 1365 668 1445 πολύχορδον
699 1360 771 1425 αὐτὸ
802 1364 853 1425 καὶ
862 1413 949 1426 ......
981 1367 1150 1445 mappam
1173 1367 1260 1429 Astii
1283 1371 1320 1429 0³
1346 1365 1367 1447 ἢ
1392 1364 1432 1430 οὐ

248 1477 283 1539 τόι
306 1459 475 1558 πολύχορδα
499 1481 556 1551 (sic
579 1481 646 1539 iam
670 1479 853 1551 (lornarius)
877 1478 927 1540 καλ
951 1471 989 1540 αὖ
1013 1480 1049 1539 τὰ
1071 1480 1262 1561 παναρμόνια
1285 1486 1340 1542 κτλ
1365 1499 1432 1545 11011

250 1594 437 1655 verisimilis
467 1594 526 1654 est.
560 1592 794 1654 Stallbaumius
824 1596 934 1654 autern
968 1595 1075 1665 (1829)
1104 1596 1150 1656 ci:
1175 1591 1194 1674 ἢ
1217 1589 1274 1655 οόιι
1297 1591 1374 1656 αὐτὸ
1400 1596 1433 1657 ιὸ

250 1705 504 1787 πολυχορδότατον
533 1710 590 1766 κτλ.
620 1742 662 1758 .-
694 1708 764 1767 Non
796 1708 881 1768 male
913 1725 939 1770 c.
973 1724 1037 1769 uuo
1068 1709 1135 1770 cod.
1166 1710 1229 1770 Ast
1255 1712 1288 1770 et
1313 1710 1432 1772 Stallb.

251 1822 359 1893 (1858)
383 1818 433 1880 καὶ
453 1823 528 1880 ante
548 1818 622 1879 κατὰ
642 1820 814 1881 delendum
834 1837 906 1882 esse
927 1823 1099 1897 putarunt;
1118 1822 1343 1898 interpolatori
1364 1839 1433 1885 vox

199 1935 411 2014 preddenda
441 1936 501 1996 est.
534 1927 553 2018 ΙΙ
586 1935 662 1996 Dele
693 1937 766 2009 post
795 1943 854 1994 τῶν
885 1933 999 1995 ἐκείνου
1031 1950 1144 1996 vocem
1176 1931 1322 2015 ὀργάνων.
1351 1937 1434 1998 Post

251 2063 354 2122 pauca
376 2064 444 2109 voc.
467 2047 556 2106 πάλιν
576 2048 657 2108 mihi
677 2048 834 2125 displicet,
854 2064 928 2109 cum
949 2048 1041 2109 Plato
1061 2049 1146 2109 dicat
1165 2043 1204 2125 ἣν
1224 2044 1287 2128 ἄρα
1310 2058 1433 2128 τρυφᾶν

252 2159 365 2238 ἔφαμεν
396 2182 437 2238 π.,
466 2176 530 2221 non
561 2157 600 2237 ἣν
631 2157 658 2219 ἀ.
689 2183 712 2220 τ.
736 2157 895 2238 ἐποιοῦμεν
925 2181 956 2222 π.
981 2162 1063 2221 Puto
1085 2163 1259 2235 postquam
1281 2160 1374 2222 πόλιν
1399 2162 1432 2222 111

252 2274 341 2334 πάλιν
371 2276 558 2348 corruptum
589 2275 676 2334 esset
707 2275 755 2345 (ut
785 2274 915 2348 saepius
943 2274 1012 2334 vice
1036 2289 1131 2335 versa
1154 2275 1299 2336 accidere
1323 2275 1432 2352 solet),

252 2390 325 2463 post
355 2384 467 2463 ἔφαμεν
495 2387 641 2447 additum
665 2402 737 2447 esse
761 2384 857 2448 πόλιν.
886 2421 925 2429 -
949 2386 1045 2447 Initio
1069 2385 1145 2458 ποὺς
1169 2388 1202 2448 et
1225 2385 1344 2467 ῥυθμὸς
1365 2389 1433 2464 [οτι

252 2501 339 2561 idem
358 2502 395 2560 ut
414 2501 524 2560 nostro
543 2499 612 2560 loeo
632 2500 866 2577 significabant,
887 2503 1000 2574 postea
1016 2498 1093 2571 ποὺς
1105 2502 1218 2575 pedem
1233 2500 1433 2580 simplicem,

253 2612 370 2696 ῥυθμὸς
393 2613 627 2694 compositum3
652 2613 691 2673 ci.
714 2613 776 2674 Cic.
799 2593 960 2674 Oratdt.
983 2614 1046 2674 218
1070 2614 1196 2688 „Paeon
1216 2615 1300 2687 quod
1321 2615 1434 2691 plures

254 2730 350 2791 habet
379 2729 523 2803 syllabas
546 2743 646 2801 quam
669 2728 747 2803 tres,
771 2742 924 2787 ιιιιιιιονιιο
946 2727 1149 2803 quibusdam,
1174 2742 1237 2787 non
1255 2743 1314 2803 pec
1337 2730 1433 2790 habe·

253 2845 338 2906 tur.”
359 2844 384 2903 E
405 2843 539 2918 pedibus
560 2859 585 2903 s
606 2842 752 2902 numeris
772 2840 923 2921 (ῥυθμοῖς)
944 2840 1044 2919 βάσεις
1056 2839 1212 2902 πλέκονται
1223 2843 1255 2903 h.
1268 2858 1296 2904 e.
1310 2844 1433 2918 pedum

254 2958 505 3034 corrugationes,
537 2958 584 3017 sic
615 2971 665 3017 ex.
697 2971 744 3029 gr.
776 2955 902 3029 dipodia
928 2957 1063 3016 vocatur
1086 2954 1162 3027 ποὺς
1186 2955 1333 3028 σύνθετος
1356 2955 1434 3016 κατὰ

255 3071 406 3150 συζυγίαν.
428 3071 526 3131 Recte
546 3071 647 3144 igitur
667 3069 900 3130 Stallbaumius
922 3068 1011 3148 βόσιν
1032 3069 1173 3144 explicat
1192 3084 1249 3144 per
1263 3070 1434 3145 „rhythmi

254 3186 458 3247 scansionem
478 3185 575 3258 atque
594 3184 791 3244 incessum.”
812 3183 1028 3242 Numerorum
1049 3181 1197 3262 (ῥυθμῶν)
1216 3197 1337 3256 genera
1354 3187 1435 3244 sunt

254 3298 285 3360 τό
316 3298 381 3359 ἴσον
413 3315 439 3360 S.
463 3296 552 3368 πόδες
576 3293 670 3375 όρτιοι
694 3297 726 3357 et
747 3294 779 3355 τὸ
802 3292 907 3355 όνισον
932 3312 957 3356 s.
982 3294 1072 3367 πόδες
1095 3295 1243 3374 περισσοί;
1266 3298 1435 3371 posterius

255 3429 357 3488 genus
388 3412 532 3472 continet
559 3408 591 3469 τδ
615 3409 770 3469 διπλάσιον
794 3401 858 3488 (318)
882 3411 915 3469 et
937 3404 1074 3486 ἡμιόλιον
1098 3426 1125 3470 s.
1149 3407 1332 3482 παιωνικόν;
1356 3411 1435 3472 hinc

253 3527 292 3587 de
316 3526 419 3585 tribus
442 3525 613 3598 generibus
637 3525 728 3585 Plato
751 3523 902 3596 loquitur.

107 3652 173 3712 400
201 3647 231 3713 Α
298 3638 381 3698 Male
400 3638 498 3698 Bekk.
521 3638 583 3698 Ast
605 3638 716 3698 Stallb.
731 3637 839 3708 (1858)
859 3646 898 3719 τῷ
921 3636 1043 3720 τοιούτῳ
1063 3634 1139 3720 λόγῳ
1160 3640 1226 3710 (pro
1239 3645 1277 3720 τῷ
1290 3636 1435 3697 τοιούτου

252 3752 339 3836 λόγῳ)
371 3768 388 3812 e
419 3751 530 3825 paucis
562 3752 677 3812 deterr.
710 3752 798 3812 codd.
833 3750 1011 3811 ediderunt.
1044 3749 1113 3810 Sec.
1146 3748 1379 3824 campanar.
1405 3752 1435 3811 A

252 3866 383 3940 praebet
414 3863 490 3923 εἴποι
522 3862 683 3941 μιμήματα,
709 3865 730 3925 i.
756 3881 783 3925 e.
807 3865 936 3938 propter
960 3862 1153 3923 homoeotel.
1179 3862 1276 3923 verba
1301 3884 1334 3940 μι
1359 3868 1435 3924 ποῖα

252 3975 284 4037 δὲ
303 3977 392 4037 ποίου
413 3976 481 4055 βίον
503 3977 699 4065 exciderunt.
721 3976 820 4036 Recte
841 3977 987 4047 (mutuae
1006 3976 1236 4051 pronominum
1258 3975 1434 4039 relationis

251 4093 365 4168 gratia,
399 4091 438 4152 ci.
464 4091 557 4165 Soph.
583 4091 646 4150 253
660 4091 699 4165 A,
723 4089 759 4159 Β)
784 4089 894 4150 Herm.
919 4089 1001 4150 Bait.
1030 4088 1160 4162 Oampb.
1186 4092 1258 4148 ποῖα
1282 4083 1315 4148 δὲ
1338 4091 1434 4152 ποίου

250 4221 305 4280 pro
336 4209 407 4264 ποῖα
439 4198 467 4263 δ’
495 4200 600 4264 ὁποίοο
625 4219 651 4264 c.
678 4203 800 4276 aliquot
823 4203 911 4263 codd.
937 4203 1053 4263 deterr.
1078 4202 1256 4263 ediderunt.
1281 4201 1434 4265 Venetus

195 4321 284 4400 BH
316 4321 426 4378 autem
463 4314 569 4377 ὁποίου
603 4317 744 4392 exhibet,
780 4316 827 4377 sic
861 4315 941 4376 Bkk.
973 4317 1036 4376 Ast
1070 4314 1253 4376 Schneider.
1287 4306 1307 4397 ΙΙ
1341 4317 1432 4394 Lege

255 4433 377 4508 <τῆς>
408 4427 496 4508 ἄλλος
521 4431 632 4502 κακίας.
662 4431 836 4504 Sequentia
859 4446 913 4490 me
936 4430 1040 4490 iudice
1064 4417 1208 4503 graviter
1231 4429 1434 4504 interpolata

245 4546 278 4604 et
302 4545 452 4618 corrupta
479 4546 564 4605 sunt.
590 4545 693 4618 Vulgo
720 4545 778 4603 viri
803 4544 853 4604 dd.
876 4558 933 4617 per
957 4539 1095 4601 ἐνόπλιον
1115 4539 1257 4621 (ῥυθμὸν)
1279 4542 1434 4605 creticam
