3000 5018
749 307 791 371 66

177 496 256 558 Mihi
285 499 435 559 Socrates
458 496 656 557 Glauconem
674 496 873 569 interrogare
896 497 1033 570 videtur,
1057 499 1142 559 sicut
1165 515 1241 560 mox
1264 497 1295 578 (ξ
1315 498 1352 578 11)

176 612 299 673 iterum
335 613 427 685 rogat
461 607 481 690 ἢ
512 619 575 682 πῶς
605 608 692 669 ἔσται.
726 644 766 651 -
796 610 868 672 Ρ11.
900 603 942 670 ΑΙ
960 613 1067 673 exhib.
1100 610 1212 691 ἐκείνης
1235 605 1274 674 αὖ
1298 632 1353 691 pro

129 713 304 798 Εὲκείνοις
335 716 383 785 σύ.
414 717 434 808 ΙΙ
465 724 594 798 Optimo
624 725 693 784 iure
725 724 889 785 Herwerd.
914 722 989 802 (lin.
1016 723 1114 803 1883)
1140 728 1236 788 verba
1259 725 1288 800 ἐξ
1312 719 1354 788 ὧν

177 838 304 916 μάλιστα
316 883 464 899 ........
494 835 630 917 γίγνηται
660 837 701 897 ad
734 838 914 910 marginem
946 839 1112 915 relegavit,
1143 843 1256 915 utpote
1279 859 1354 903 cum

175 953 378 1028 praegressis
400 947 495 1029 μηδὲν
517 948 550 1030 γέ
572 970 619 1010 κω
642 947 770 1030 λέγωμεν
794 946 856 1028 μήτ’
883 950 913 1010 εἴ
931 975 958 1010 τι
981 951 1074 1011 κακὸν
1096 957 1146 1012 κτλ
1165 955 1260 1029 plane
1279 972 1354 1032 pug-

176 1067 301 1128 nantia.
336 1066 410 1126 Mox
444 1065 531 1126 idem
567 1062 599 1141 (l.
633 1062 668 1142 l.)
699 1080 756 1139 pro
786 1058 845 1123 ἀλλ’
879 1063 936 1148 ὅλῳ
967 1067 1101 1140 requirit
1131 1064 1204 1127 etto
1230 1069 1356 1153 μεγάλῳ,

176 1195 280 1254 quam
299 1184 359 1242 clm
378 1180 511 1254 probare
531 1194 593 1240 non
613 1180 851 1256 possemque
871 1177 937 1250 ὅλος
956 1180 1008 1240 hio
1020 1180 1181 1254 significat
1195 1182 1354 1260 ,instus”,

181 1295 397 1370 ,perfectus'’,
426 1294 596 1369 ,omnibus
614 1295 760 1354 numeris
784 1295 966 1369 expletus.”

129 1398 153 1466 h
225 1410 311 1482 L'ege
338 1405 434 1484 νυνδὴ
458 1408 478 1468 1.
504 1423 532 1468 1.
555 1403 628 1486 ύριι.
652 1442 694 1449 -
719 1408 797 1469 Fere
820 1423 935 1468 omnes
959 1409 1048 1470 editt.
1072 1408 1102 1467 π’
1123 1406 1156 1468 δέ
1177 1425 1234 1483 pro
1257 1409 1286 1469 ιί
1307 1409 1359 1469 δαί

177 1522 361 1596 ediderunt,
393 1522 477 1595 quod
506 1522 754 1594 improbandum
784 1536 910 1598 censeo,
942 1523 1014 1582 vide
1045 1523 1131 1582 dicta
1162 1525 1203 1583 ad
1229 1525 1292 1583 343
1317 1525 1355 1585 A.

177 1637 334 1699 Fortasse
368 1633 397 1694 τί
429 1633 467 1711 δή
497 1650 517 1695 1
546 1635 680 1696 Platone
714 1636 872 1710 scriptum
904 1636 974 1696 fuit.
1004 1635 1050 1695 Ut
1080 1634 1109 1693 τί
1131 1635 1190 1712 dai,
1211 1645 1274 1707 πῶς
1299 1636 1358 1712 δαί,

129 1747 150 1812 Β
178 1750 231 1809 sic
262 1750 296 1809 et
325 1747 354 1806 ιί
382 1747 430 1825 δή,
458 1756 521 1818 πῶς
554 1747 592 1825 δή
614 1748 807 1809 admirantis
830 1751 890 1809 est.
910 1738 934 1832 ἸΙ
959 1749 1019 1809 Pro
1043 1749 1170 1824 πεφύκει
1195 1766 1221 1811 1.
1246 1751 1358 1824 paucis

177 1864 272 1925 codd.
303 1859 444 1939 ἐπεφύκει
474 1863 647 1936 legendum
678 1864 739 1923 est.
761 1863 899 1922 Etiamsi
931 1864 1098 1937 augmenti
1126 1864 1310 1938 aphaeresis
1339 1879 1358 1923 a

177 1956 349 2038 Platonica
372 1978 516 2038 oratione
538 1993 603 2038 non
630 1978 735 2037 aliena
759 1977 856 2051 esset,
880 1979 992 2037 tamen
1012 1978 1073 2053 hio,
1094 1979 1248 2051 quoniam
1268 1978 1359 2037 nulla

175 2092 279 2165 longa
297 2091 423 2164 syllaba
433 2092 606 2168 praecedit,
619 2092 749 2152 admitti
761 2092 917 2165 nequiret.
932 2091 1035 2168 Quam
1048 2091 1141 2151 facile
1153 2092 1186 2150 in
1199 2090 1359 2164 scriptura

177 2203 303 2264 unciali
335 2205 363 2261 E
389 2205 463 2278 post
487 2205 512 2262 0
535 2204 682 2264 excidere
705 2204 846 2278 potuerit
870 2200 1171 2282 (πρΟΟΟΕπεφύκει)
1194 2205 1359 2264 neminem

129 2322 146 2390 3
178 2318 296 2391 fugiet.
332 2308 352 2401 ΙΙ
387 2317 549 2378 Venetam
588 2320 617 2375 11
651 2315 871 2396 ἀπεργάσεσθαι
906 2320 1114 2392 praebentem
1150 2318 1254 2378 secuti
1284 2319 1361 2378 sunt

180 2432 266 2492 Bkk.
302 2433 336 2492 et
369 2431 501 2506 Astius;
534 2447 609 2491 cum
640 2447 716 2492 vero
747 2432 808 2491 hac
839 2432 872 2491 in
908 2433 999 2506 parte
1023 2432 1123 2493 codex
1147 2431 1361 2504 interpolatus

129 2546 147 2610 )
180 2545 240 2621 sit,
270 2560 334 2605 non
364 2546 488 2605 temere
520 2545 591 2604 eius
621 2544 777 2605 lectiones
808 2544 1007 2618 recipiendae
1038 2546 1126 2605 sunt.
1151 2536 1171 2627 ΙΙ
1196 2544 1360 2604 Herwerd.

182 2656 261 2736 (Mn.
284 2654 381 2734 1883)
402 2658 438 2718 oi.
462 2655 561 2716 ὅπλων
585 2661 624 2729 [ιε
640 2654 690 2715 καὶ
702 2653 861 2736 ὀργάνων],
876 2659 959 2731 quod
971 2658 1170 2732 probandum
1184 2672 1256 2717 esse
1269 2657 1360 2731 duco,

180 2771 261 2844 quia
290 2771 474 2831 sexcenties
505 2767 596 2828 ὅπλον
627 2771 707 2831 nihil
738 2771 825 2832 aliud
854 2786 953 2844 quam
981 2771 1275 2846 „instrumentum”
1300 2769 1360 2840 sig-

181 2882 304 2960 nificat,
326 2899 389 2945 non
408 2884 516 2944 solum
536 2900 585 2960 ap.
600 2885 790 2960 Homerum,
803 2886 860 2944 sed
874 2886 974 2946 etiam
987 2885 1071 2959 apud
1083 2885 1164 2945 aiios
1176 2885 1360 2958 scriptores.

182 2997 257 3057 Non
279 2998 374 3058 modo
397 2999 560 3073 rudentes,
586 2999 667 3073 vela,
691 2996 726 3056 κὰ
750 2995 874 3057 vectant
895 2995 1006 3077 ὄργανα
1031 3013 1095 3058 vox
1115 2995 1208 3056 ὅπλον
1230 2996 1361 3070 indicat,

182 3110 244 3170 sed
274 3110 375 3170 etiam
405 3111 576 3171 cuiuslibet
608 3111 690 3171 fabri
721 3113 755 3170 et
784 3111 917 3171 artificis
946 3111 1164 3171 instrumenta
1188 3106 1239 3187 (ci.
1265 3109 1360 3169 Hom.

181 3223 223 3284 Il.
262 3223 313 3298 18,
348 3223 424 3298 409,
460 3223 574 3297 Odyss.
607 3225 638 3299 3,
670 3225 734 3283 433
767 3221 843 3282 ὅπλα
874 3220 1020 3301 potuita).
1053 3223 1086 3283 si
1118 3223 1239 3282 usitato
1263 3236 1362 3281 seusu

182 3335 381 3396 vocabulum
401 3333 478 3393 ὅπλα
497 3336 550 3396 hic
562 3337 742 3397 adhibitum
755 3337 853 3410 esset,
865 3336 945 3394 illud
957 3332 1101 3410 πολεμικὰ
1113 3334 1207 3409 plane
1220 3334 1361 3406 frigeret.

182 3448 267 3509 Nolo
296 3450 409 3508 autem
441 3446 539 3508 ὅπλων
567 3471 595 3508 ιε
619 3446 669 3508 καὶ
692 3449 808 3524 (111111,
833 3449 909 3521 quia
933 3443 1082 3522 ὁπλιιικῆς
1107 3447 1262 3519 sequitur.
1288 3445 1362 3506 Mox

182 3563 273 3623 idem
297 3559 329 3639 (l.
354 3557 388 3638 l.)
413 3561 596 3622 dubitanter
618 3553 750 3639 111111ῐῆ
772 3556 800 3619 δ’
813 3559 855 3636 ὅς,
876 3558 921 3632 [τὰ
942 3555 1065 3639 ὄργανα]
1087 3549 1126 3638 ἦν
1142 3557 1362 3636 ἅξια,ορ111113.

183 3676 339 3736 Fortasse
357 3690 398 3735 ne
418 3689 498 3750 opus
518 3675 648 3748 quidem
668 3678 705 3735 ut
726 3690 790 3735 vox
811 3676 920 3735 mente
940 3674 1137 3750 suppleatur,
1154 3675 1201 3734 ita
1217 3675 1254 3733 ut
1268 3673 1363 3733 verba

185 3786 372 3862 significent
395 3788 443 3864 ,si
462 3803 514 3849 res
530 3788 576 3847 ita
597 3791 784 3863 comparata
797 3791 894 3864 esset,
907 3790 977 3848 turn
992 3803 1070 3848 sane
1082 3788 1169 3848 beati
1182 3787 1362 3848 essemus.”

186 3901 325 3976 Saepius
355 3900 489 3975 pluralis
520 3902 754 3975 adjectivorum
784 3904 816 3961 et
848 3901 1097 3974 gerundivorum
1128 3917 1184 3975 pro
1207 3900 1364 3974 singulari

129 4017 158 4084 E
186 4014 368 4075 adhibetur.
405 4006 425 4096 ΙΙ
460 4013 569 4074 Η11111
601 4011 685 4089 (Cur.
718 4013 794 4074 Orit.
826 4028 856 4087 p.
889 4011 943 4090 26)
975 4014 1013 4074 ci.
1043 4012 1192 4083 εἰςιούισ
1216 4011 1248 4071 τὸ
1273 4010 1365 4086 ipro

186 4125 232 4198 εἰς
262 4125 335 4187 σύκὸ
364 4125 397 4186 πὸ
428 4124 451 4188 ἕ.
484 4128 633 4187 Praestat
655 4142 731 4186 vero
755 4127 912 4200 corrigere
938 4124 978 4197 εἰς
1002 4123 1075 4184 adri
1103 4127 1260 4200 <ιούισ>
1287 4123 1319 4184 τὸ
1344 4122 1364 4183 ἕ.

129 4320 132 4326 Ι
188 4239 408 4301 Herwerdeno
441 4257 509 4301 voc.
542 4240 668 4319 δύναμις
692 4241 811 4301 delenti
836 4239 996 4300 assentior
1020 4239 1090 4299 coll.
1116 4239 1226 4313 Symp.
1254 4239 1315 4300 187
1341 4240 1366 4299 E

188 4346 260 4413 καθ’
295 4350 366 4412 ὅσον
389 4353 531 4432 παρείκει,
553 4350 729 4430 φυλακτέον,
753 4353 816 4413 etsi
838 4368 902 4413 non
925 4368 1054 4427 semper
1077 4351 1227 4430 παρείκειν
1251 4353 1364 4426 imper·

190 4465 348 4528 sonaliter
372 4468 549 4543 adhibetur,
575 4467 614 4528 ci.
639 4467 770 4527 Theaet.
798 4467 859 4525 150
883 4464 920 4540 D,
944 4465 1040 4538 Legg.
1066 4465 1130 4524 934
1155 4464 1187 4525 0.

129 4582 165 4651 Α
238 4579 420 4641 Secundum
454 4581 625 4641 nonnullos
656 4581 689 4639 in
713 4580 819 4641 verbis
844 4578 988 4649 σκύλακος
1011 4577 1052 4649 εἰς
1076 4576 1216 4654 pulsabo
1237 4593 1374 4650 parans-

1300 4678 1320 4718 h
