3000 5018
38 84 252 185 ὂἓυθροιπον,
274 107 358 180 quod
380 106 473 168 αὐτὸν
491 110 708 184 dittographia
728 128 769 172 ex
790 92 865 171 ννᾟι
886 114 1000 172 natum
1022 128 1093 173 esse
1116 115 1250 175 videtur.

41 199 159 290 Lege
179 221 317 281 τοιοῦτόν
344 225 441 294 <τι>
465 218 485 299 ἣ
505 219 599 301 λέγειν
618 226 675 283 aut
692 221 794 296 <τὸ>
812 232 958 300 τοιοῦτον,
976 224 1198 303 utinira(389
1211 225 1251 304 A)

46 317 106 382 τὰ
143 342 268 394 τοιοῦτον
297 334 424 409 legitur.
456 335 501 395 De
532 336 640 397 dativo
672 338 780 397 lonico
814 342 960 415 σμικροῖσι
992 341 1055 400 vid.
1092 341 1178 401 dicta
1212 342 1252 401 ad

10 418 188 509 itura.
224 439 245 531 Η
283 448 344 507 aro
375 444 446 530 ἐφιῇ
477 444 536 525 (τοι
567 449 637 509 Ast.
669 450 749 510 ank.
783 449 942 527 sennen.)
976 468 1060 512 unus
1092 454 1159 514 οοο.
1192 451 1250 536 ἐφῇ

42 549 207 623 Dracon
236 561 446 636 probantibus
473 561 584 623 Herm.
617 563 699 623 Bait.
734 562 865 638 eampo.
891 564 1043 625 (lodicum
1067 567 1249 640 principum

39 646 232 735 lectiones
262 674 345 745 (Par.
375 674 405 734 A
429 671 516 751 ἔφην,
538 674 617 735 Ven.
644 678 677 733 Π
697 673 765 752 ἔφη)
791 677 949 737 aoristum
973 679 1119 751 flagitare
1144 679 1249 739 viden·

36 765 138 848 tur.
163 820 203 831 -
217 788 291 875 'Pro
314 788 397 864 ζητεῖ
412 788 451 849 Η.
474 787 563 848 Wolf
579 789 617 849 ci.
639 793 727 865 ποιεῖ,
745 790 909 853 Herwerd.
929 789 1004 867 (lin.
1029 791 1126 869 1883)
1140 795 1251 853 autem

33 895 161 959 ἲίκιει
194 899 247 960 rel
278 897 398 959 ἐντίκτει
429 899 474 977 (in
504 902 664 976 scriptura
696 903 815 963 unciali
849 907 876 961 Τ
903 906 936 964 et
968 908 992 963 Ζ
1019 920 1252 979 nonnunquam

32 1010 210 1074 confisa
222 1010 321 1089 eunt).
334 1014 379 1073 At
391 1015 479 1075 recte
492 1013 656 1089 Campbell
669 1013 813 1091 (vertens
828 1018 1024 1094 „requires”
1042 1019 1251 1098 „demands'')

44 1125 247 1200 vulgatam
258 1127 369 1186 tuetur
380 1124 413 1185 τὸ
425 1134 560 1187 τοιοῦτον
572 1129 682 1188 dicens
693 1134 1001 1206 προσωποποιεῖσθοιι,
1012 1132 1121 1204 itaque
1135 1134 1164 1192 si
1176 1134 1255 1210 ζητεῖ

38 1240 131 1305 Der
158 1240 333 1315 „requirit”
360 1241 507 1317 vertitur,
531 1242 691 1315 optimum
716 1258 850 1303 sensum
873 1244 1103 1305 nanciscimur.
1128 1245 1251 1306 Similis

41 1353 304 1427 prosopopoeia
323 1354 462 1414 occurrit
481 1356 546 1415 370
559 1355 585 1414 Β
606 1353 642 1414 οὐ
655 1354 721 1434 γάρ,
733 1349 825 1432 οἶμαι,
837 1353 931 1415 ἐθέλει
943 1355 975 1415 τὸ
987 1356 1203 1434 πραττόμενον.

44 1463 250 1545 περιμένειν.
274 1499 314 1509 -
340 1466 457 1527 Oobeio
476 1469 599 1528 dudum
619 1466 694 1544 (Mn.
719 1470 813 1544 1854,
838 1467 934 1548 1860)
956 1463 1068 1548 οῧτᾶροι
1086 1472 1107 1532 i.
1120 1487 1148 1531 θ.
1169 1468 1251 1531 οὔτοι

50 1572 129 1658 δίον
154 1581 299 1653 poscenti
318 1595 416 1642 nemo
434 1582 551 1656 paruit.
572 1581 640 1641 Viri
660 1582 710 1641 dd.
735 1581 901 1656 vulgatam
921 1584 1097 1644 defendunt
1116 1585 1250 1646 dicendo

51 1694 106 1752 ut
123 1706 359 1766 nonnunquam
378 1714 409 1751 τε
421 1726 461 1734 -
476 1691 518 1768 δέ,
538 1695 585 1755 sic
605 1696 657 1755 iric
677 1690 744 1754 οὔτε
757 1729 798 1735 -ι
812 1690 845 1754 δὲ
864 1696 1046 1757 adhibitum
1062 1713 1151 1772 esse;
1174 1713 1249 1758 cum

58 1809 186 1867 autem
214 1805 400 1866 vehementi
425 1802 476 1883 (ei.
501 1823 599 1882 supra
622 1809 647 1867 B
672 1811 704 1868 et
728 1808 751 1869 (i
775 1806 873 1886 μήτοι)
898 1810 1069 1883 negatione
1093 1811 1145 1870 hic
1168 1826 1264 1886 opus

67 1921 129 1997 sit,
153 1922 300 1994 praestat
323 1920 440 1982 Cobeto
464 1922 696 1996 obtemperare.

11 2017 38 2088 l
117 2034 307 2095 Hermanno
340 2032 506 2111 (probante
536 2035 661 2095 Nabero
695 2035 779 2094 1864
812 2034 936 2096 domm.
961 2035 1043 2096 Plat.
1068 2036 1111 2113 ΙΙ)
1137 2033 1250 2096 οὔκουν

63 2147 192 2222 legenti
226 2148 342 2208 deletis
376 2144 464 2207 ἀποὸ.
496 2145 564 2225 περὶ
596 2152 678 2207 θεῶν
712 2164 753 2208 ne
787 2149 962 2208 balbutiret
1001 2149 1112 2225 oratio,
1153 2166 1249 2211 nemo

63 2276 226 2322 assensus
248 2264 309 2337 est,
328 2277 445 2335 prava
469 2263 596 2322 videtur
618 2262 735 2334 aliquis
755 2258 963 2338 ἀποδεξόμεθα
982 2262 1163 2323 inculcasse
1183 2278 1247 2324 non

63 2374 255 2448 intelligens
284 2371 464 2434 ἀποδεκτέον
495 2391 521 2435 c.
546 2377 732 2436 accusativo
756 2376 899 2436 construi
923 2391 1028 2449 posse.
1054 2377 1159 2437 Verba
1181 2373 1270 2454 napi

64 2493 151 2547 θεῶν
174 2490 209 2553 et
231 2489 395 2550 Herwerd.
421 2487 496 2566 (Mn.
519 2488 616 2567 1883)
637 2491 795 2564 expunxit
817 2486 960 2566 (servato
981 2487 1092 2567 ἀκοὰ),
1113 2492 1245 2568 optime,

65 2601 146 2674 quia
179 2616 243 2662 non
276 2602 375 2663 refert
409 2605 520 2662 utrum
552 2604 591 2663 de
622 2602 691 2662 deis
721 2618 822 2663 necne
853 2604 933 2664 haec
964 2605 1050 2664 dieta
1082 2605 1159 2680 sint,
1191 2607 1248 2666 sed

67 2716 182 2777 utrum
214 2730 292 2777 vera
314 2731 356 2776 an
379 2715 472 2776 ialsa.
496 2717 683 2776 Hermanno
707 2717 807 2790 igitur
829 2718 961 2778 omnino
984 2719 1161 2792 parendum
1186 2721 1245 2780 est.

58 2828 147 2900 ‚Post
166 2827 354 2888 ποιπνύοντα
374 2830 563 2902 neutiquam
584 2829 876 2903 interpungendum
897 2834 957 2892 est.
980 2832 1142 2893 Naberum
1168 2831 1200 2909 (l.
1213 2830 1247 2909 i.)

69 2915 239 3014 praeterea
270 2958 400 3003 versum
433 2942 573 3002 alterum
605 2938 644 3012 ὡς
676 2941 742 3000 ἴδον
773 2946 822 3001 κτλ
857 2946 987 3019 „utpote
1011 2945 1090 3004 nihil
1114 2946 1248 3005 adrem

69 3053 266 3115 facientem’
297 3055 468 3116 eicientem
499 3071 563 3114 non
594 3054 714 3115 falsum
746 3071 818 3116 esse
851 3059 938 3132 puto,
971 3072 1046 3117 cum
1068 3058 1161 3118 Plato
1184 3073 1247 3118 non

69 3168 156 3229 risus
191 3182 335 3243 caueam,
367 3169 424 3228 sed
455 3169 563 3243 ipsum
594 3169 697 3227 risum
729 3169 871 3229 effusum
902 3171 1113 3242 reprehendat
1144 3186 1247 3244 neque

69 3280 232 3354 probabile
266 3282 310 3341 sit
337 3281 506 3341 Platonem
534 3282 674 3341 indicare
704 3282 845 3342 voluisse
874 3297 909 3342 se
936 3283 1043 3356 potius
1069 3284 1109 3343 de
1136 3283 1247 3344 iliadis

13 3385 45 3454 0
73 3390 114 3471 (A
144 3392 223 3472 599)
253 3394 322 3456 loco
353 3410 452 3468 quam
483 3395 521 3454 de
553 3394 716 3468 Odysseae
748 3394 783 3472 (b
815 3393 892 3472 326)
925 3396 1095 3469 cogitasse.
1124 3389 1143 3479 ΙΙ
1171 3397 1245 3457 Voc.

68 3506 224 3579 ,τοιούτους
246 3510 323 3578 apte
346 3505 488 3586 ἄρχοντος
513 3509 693 3569 omiserunt
716 3502 1049 3585 stobaeus,Par.A1,
1071 3509 1126 3569 alii
1146 3510 1246 3584 codd,

70 3621 203 3696 optime,
237 3620 314 3695 qnia
348 3637 411 3681 non
442 3623 598 3682 adversus
629 3622 787 3694 quosdam
818 3625 969 3697 rectores,
1002 3623 1059 3682 sed
1090 3623 1247 3683 adversus

70 3732 232 3823 quoslibet
254 3738 395 3816 rectores
419 3735 550 3794 mentiri
573 3749 637 3794 non
661 3735 746 3794 licet.
771 3735 796 3794 E
817 3750 1008 3809 praegresso
1031 3742 1083 3793 τοῦ
1108 3734 1245 3795 τοιούτου

70 3850 186 3909 natum
209 3849 262 3908 est
283 3845 352 3917 τοὺς
374 3847 536 3918 τοιούτους.
559 3849 597 3907 Ιη
621 3848 707 3907 notis
731 3847 862 3922 (iampb.
887 3863 1017 3908 mecum
1041 3848 1128 3908 iacit.
1150 3849 1247 3909 Porro
1303 3902 1324 3917 ,.

69 3963 127 4021 aut
154 3976 182 4021 ο.
207 3961 343 4021 Stobaeo
367 3960 539 4034 legendum
562 3958 632 4031 τοὺς
656 3957 799 4037 ἄρχοντας
828 3961 937 4043 <τῷ>
966 3959 1067 4042 ἰδιώτῃ
1092 3964 1149 4020 aut
1172 3960 1246 4039 πρός

68 4094 101 4152 γε
132 4071 172 4150 δὴ
204 4072 295 4144 [τοὺς]
329 4070 472 4152 ἄρχοντας
504 4072 605 4155 ἰδιώτῃ
638 4073 709 4133 coll.
742 4074 807 4132 390
837 4073 875 4133 Α.
908 4073 1001 4132 Prius
1032 4073 1112 4132 milri
1141 4074 1245 4146 magis

68 4188 184 4265 placet.
211 4220 248 4231 -
269 4187 449 4261 Madvigius
469 4189 528 4248 sub
548 4186 647 4259 finem
666 4182 779 4265 λέγοντι
799 4187 957 4260 expunxit
970 4183 1077 4263 (nemo
1090 4201 1245 4246 assensus
