3000 5018
741 267 803 328 157
901 282 904 286 “

186 450 319 524 denique
346 451 390 523 (in
418 452 489 513 eius
521 453 693 516 corollario
708 448 729 524 ¹)
753 455 899 516 emendd.
923 455 1163 517 Platonicorum
1186 471 1216 530 p.
1242 453 1297 534 21)
1321 461 1355 517 c⁸

185 558 279 622 ἄλλων
309 567 426 624 πολλῶν
456 565 702 642 palaeographia
732 583 795 628 non
826 568 1081 629 commendatur.
1113 601 1156 609 -
1186 568 1260 628 Mox
1284 566 1354 642 lege

140 665 289 753 Βνονδή.
314 669 334 760 ΙΙ
358 677 441 752 Lege
471 677 523 750 οολς
553 701 585 758 γε
615 696 672 755 pro
702 679 753 752 τάς
783 702 822 758 οε,
850 684 923 756 post
950 702 1010 741 πον
1033 696 1131 755 saepe
1153 702 1185 760 γε
1208 681 1353 756 additum

185 790 256 850 vide
281 790 367 851 dicta
390 792 431 853 ad
455 794 518 852 334
538 793 573 854 Ε.

135 887 160 955 Α
224 902 331 964 Verba
364 901 422 964 cdv
456 905 481 966 εἰ
515 912 662 993 πλεοναχῇ
693 913 854 986 σκοποῖμεν
884 910 1002 970 vitiosa
1033 912 1120 985 sunt,
1153 909 1229 983 qula
1259 909 1355 984 plane

181 1016 352 1078 ridiculum
376 1021 427 1079 cst
450 1035 562 1093 rogare
585 1023 736 1099 „hoccine
755 1023 813 1083 tibi
834 1022 958 1084 clarum
978 1024 1038 1099 est,
1060 1022 1190 1083 etiarnsi
1209 1022 1355 1096 pluribus

181 1131 360 1191 rationibus
391 1133 665 1211 consideremuS,”
696 1136 790 1210 quasi
820 1152 873 1198 res
903 1136 1067 1197 obscurior
1094 1135 1163 1197 fieri
1187 1136 1301 1214 soleat,
1326 1139 1354 1197 si

181 1243 393 1305 multifariam
426 1247 626 1324 exploretnr;
658 1249 767 1323 itaque
797 1265 929 1325 prorsus
959 1250 1121 1311 assentior
1145 1250 1239 1309 Astio
1261 1252 1353 1311 corri-

180 1357 269 1430 genti
291 1355 412 1436 ἕχομεΝ
435 1363 536 1432 <Η>
563 1360 613 1420 καὶ
636 1366 783 1445 πλεοναχῇ
807 1371 970 1440 σκοπῶμεν.
994 1363 1172 1437 Postquam
1191 1360 1212 1441 ἢ
1231 1366 1353 1426 excide·

180 1476 239 1548 rat,
271 1471 393 1533 librarii
423 1475 553 1535 textum
580 1475 692 1536 fulcire
716 1477 823 1537 conati
846 1478 932 1536 sunt.
958 1509 1000 1518 —
1024 1476 1123 1536 Paulo
1147 1479 1221 1551 post
1244 1480 1353 1539 rescri-

180 1585 322 1646 bendum
349 1584 452 1660 <νὸ>
480 1585 520 1664 μὴ
544 1584 580 1646 liv
603 1585 645 1665 δέ,
666 1590 757 1650 artic.
782 1607 802 1650 a
825 1605 1014 1665 praegressa
1036 1589 1163 1663 syllaba
1182 1592 1354 1666 absorptus

180 1701 239 1760 est.
273 1698 347 1761 lliox
379 1700 450 1758 V⁸¹¹¹
480 1702 505 1760 L
533 1701 694 1781 εἰλικρινῶς
717 1704 893 1778 probarunt
915 1704 975 1765 soli
999 1704 1093 1765 Scbn.
1119 1705 1153 1764 et
1174 1704 1353 1782 Hermann,

181 1814 292 1875 contra
319 1815 458 1888 optimos
483 1816 618 1877 codices,
642 1815 874 1878 Valckenarius
899 1832 1012 1879 vocem
1035 1817 1075 1877 ab
1099 1809 1174 1888 εἷλος
1198 1819 1231 1877 et
1241 1817 1353 1897 κρίνειν

181 1928 388 2002 repetendam
412 1929 549 2006 censuit,
571 1929 784 1991 Ruhnkenius
807 1932 919 1991 autem
942 1931 983 1991 ab
1007 1929 1078 2007 εἱλη.
1099 1929 1294 1990 Bodleianus
1313 1930 1353 1990 ad

180 2042 340 2101 Phaedon.
377 2045 418 2102 66
431 2042 461 2101 A
494 2041 556 2101 εἱλι.
590 2043 731 2117 praebet.
769 2078 808 2088 —
840 2045 877 2104 ln
907 2043 1065 2118 proximis
1096 2040 1209 2102 οὐκοῦν
1239 2039 1352 2102 int...

181 2152 317 2233 ζητητέον
345 2170 450 2216 nexus
473 2156 578 2233 periit,
603 2172 701 2229 quern
723 2157 844 2218 librarii
864 2172 1040 2231 paucorum
1063 2156 1210 2217 codicum
1235 2155 1351 2218 deterr.

181 2271 363 2344 recuperari
386 2285 481 2344 posse
500 2270 659 2345 particula
682 2265 715 2329 δὲ
738 2270 845 2331 verbis
868 2267 915 2329 dcl
938 2280 977 2355 τῷ
1000 2269 1107 2348 μεταξὺ
1131 2269 1225 2354 τούτῳ
1245 2270 1352 2347 μεταξὺ

181 2389 228 2444 κτλ
252 2384 423 2444 inserenda
446 2385 489 2454 (in
513 2385 586 2445 aliis
609 2380 641 2443 δὲ
663 2386 738 2459 post
760 2381 818 2461 ἐπί,
836 2386 869 2445 in
889 2385 963 2445 aliis
982 2386 1055 2459 post
1073 2393 1113 2467 τῷ
1133 2384 1240 2462 μεταξὺ
1259 2386 1350 2446 infer·

181 2513 254 2558 sum
275 2500 335 2576 est)
359 2497 441 2559 falso
461 2499 625 2572 putarunt.
648 2498 883 2559 Stallbaumius
903 2500 962 2569 (ed.
984 2498 1090 2569 Goth.)
1110 2498 1172 2558 sibi
1192 2500 1282 2559 visus
1301 2501 1353 2560 est

180 2611 286 2670 textui
320 2611 402 2670 satis
429 2611 606 2684 providisse
638 2611 818 2686 recipiendo
841 2613 911 2672 vam
934 2612 959 2672 L
982 2610 1013 2690 (e
1037 2612 1160 2673 Monac.
1186 2617 1216 2686 q)
1240 2610 1353 2672 οὐκοῦν

185 2722 280 2793 <ελ>
308 2721 356 2784 ἐπὶ
374 2728 434 2800 πολ,
453 2726 487 2785 at
507 2723 533 2784 εἰ
541 2770 615 2786 .....
636 2716 675 2803 ἦν
695 2727 747 2788 hic
766 2728 842 2787 ferri
861 2742 925 2787 non
944 2729 1061 2801 potest.
1082 2727 1291 2787 Hermannus
1313 2727 1351 2788 ci.

183 2832 317 2906 <ἐπελ>
352 2833 400 2896 ἐπὶ
430 2839 523 2908 (Bait.
551 2840 586 2899 et
609 2838 740 2913 Gampb.
764 2835 875 2916 prob),
900 2854 982 2911 quae
1005 2838 1110 2916 lectio,
1136 2840 1199 2900 etsi
1222 2840 1353 2900 auribus

180 2950 335 3023 ingratior
359 2952 420 3027 est,
443 2951 582 3012 fortasse
605 2953 716 3012 tamen
740 2966 818 3012 vera
837 2953 897 3011 est.
918 2950 997 3012 Vide
1017 2953 1127 3012 autern
1148 2966 1190 3011 an
1209 2954 1354 3027 praestet

180 3064 338 3136 corrigere
372 3060 485 3123 οὐκοῦν
524 3060 634 3133 <8ν>
647 3109 719 3124 .....
753 3056 773 3147 ᾖ
805 3061 873 3142 (pro
903 3055 972 3142 ἧν);
1003 3065 1133 3140 saepius
1165 3055 1221 3125 οὖν
1251 3067 1285 3128 et
1315 3062 1353 3125 llo

180 3177 418 3238 confunduntur
448 3179 482 3238 et
511 3177 664 3239 facillime
695 3173 733 3236 ilo
762 3153 837 3252 post
863 3175 976 3237 οὐκοῦν
999 3177 1147 3238 excidere
1169 3179 1285 3253 potuit.
1311 3212 1351 3222 -

180 3289 250 3348 vam
282 3290 306 3349 L
337 3287 383 3349 ἐπὶ
419 3297 528 3373 <τῷ>
559 3289 600 3368 μὴ
632 3287 694 3351 ὄντι
717 3291 898 3352 rectissime
921 3290 984 3351 Ast
1006 3291 1105 3352 Beklr.
1132 3291 1245 3352 Stallb.
1269 3308 1351 3355 rece·

180 3404 306 3477 petunt.
332 3395 351 3485 ΙΙ
374 3404 444 3463 vam
467 3405 492 3463 L
515 3401 589 3463 κατὰ
611 3402 666 3479 τὴν
689 3404 819 3482 δύναμιν
842 3401 962 3484 ἑκατέρα
984 3401 1038 3482 τὴν
1062 3401 1155 3481 αὐτῆς
1178 3405 1353 3479 probarunt

179 3517 241 3576 Ast
276 3515 388 3576 Stallb.
424 3517 533 3588 (1858)
568 3517 714 3578 Schneid.
751 3518 916 3579 Herword.
957 3513 1032 3594 (Mn.
1071 3513 1168 3594 1883)
1209 3516 1351 3595 campb„

178 3629 370 3707 rectissime,
390 3645 468 3691 nam
484 3631 682 3705 optimorum
702 3631 790 3692 codd.
811 3632 883 3692 loct.
897 3631 1016 3691 vitiosa
1029 3623 1052 3700 ²)
1069 3632 1130 3691 est.
1144 3631 1352 3693 Hermannns

179 3741 381 3822 (probs-Bait.
403 3746 436 3805 et
456 3743 566 3805 Heller
585 3744 656 3805 Gur.
678 3746 748 3806 orit.
769 3760 799 3819 p.
821 3745 872 3815 32)
893 3745 932 3805 ei.
953 3741 1028 3803 κατὰ
1047 3740 1102 3820 τὴν
1118 3739 1211 3820 ἄλλην
1223 3744 1352 3822 δύναμιν

178 3855 199 3917 ἓ.
229 3855 284 3935 τὴν
316 3881 343 3916 α.
375 3858 395 3918 i.
427 3874 455 3919 e.
490 3858 688 3934 „secundum
717 3873 811 3919 suam
839 3872 985 3931 quaeque
1012 3856 1168 3916 diversam
1191 3857 1231 3918 db
1253 3859 1352 3918 attero

214 4075 234 4143 ¹)
258 4079 331 4136 Quod
355 4079 411 4127 eins
433 4081 529 4140 scripto
554 4081 656 4136 „Ueber
677 4080 718 4128 die
740 4079 893 4138 Bedeutnng
910 4079 956 4126 des
976 4079 1082 4138 Dialogs
1099 4077 1234 4125 Phaedone
1252 4077 1293 4124 liir
1310 4079 1351 4125 die

181 4160 228 4206 eto.
246 4160 321 4218 Prog.
338 4159 500 4218 Rudolstadt
519 4160 600 4208 1876”
618 4159 733 4207 additum
751 4160 797 4205 est.

212 4234 233 4302 ²)
251 4240 364 4286 Venetus
387 4243 416 4285 11
432 4235 489 4302 (qni
511 4253 561 4287 sec.
585 4239 649 4286 Bkk.
673 4239 757 4287 exhib.
780 4240 895 4297 inacoipp
913 4236 926 4296 ἢ
943 4237 1003 4284 κατὰ
1019 4235 1060 4294 τὴν
1077 4234 1149 4294 αὐτὴν
1166 4236 1213 4282 δύο.
1231 4241 1293 4284 lucr.
1310 4239 1351 4299 cip
1442 4271 1445 4276 <

180 4315 258 4378 αὐτῆς)
282 4331 332 4364 sec.
357 4317 495 4364 Oastellani
517 4319 626 4378 praebet
649 4319 708 4364 κατὰ
729 4316 769 4376 τὴν
792 4314 863 4374 αὐτὴν
885 4315 933 4362 δύν.
957 4315 1046 4375 duaco
1064 4313 1109 4372 τὴν,
1122 4313 1193 4372 αὐτὴν
1211 4315 1258 4363 δύο.
1276 4321 1292 4363 i.
1310 4318 1351 4377 τὴν

180 4399 249 4456 αὐτῆς
270 4409 376 4456 prorsus
400 4400 430 4445 ut
451 4396 532 4445 codex
554 4397 690 4453 Molctest,
712 4396 739 4442 in
762 4395 836 4442 cuins
859 4406 911 4453 mg.
934 4394 998 4442 hoec
1017 4395 1139 4453 leguntur
1161 4395 1215 4448 ἴσως
1240 4397 1300 4443 οὕτω
1317 4399 1352 4446 δοῖ

179 4479 321 4541 γράφοσθαι.
338 4481 400 4525 ναί..
418 4479 478 4524 κατὰ
494 4476 536 4536 τὴν
553 4476 624 4536 αὐτὴν
641 4476 737 4535 δύναμιν
755 4475 768 4535 ἢ
785 4475 838 4523 κατ’
858 4475 928 4534 ἄλλην
945 4477 983 4521 καὶ
1000 4475 1069 4534 ἄλλην
1086 4476 1184 4531 δύναμιν
1199 4475 1295 4540 ἑκατέρα
1312 4485 1351 4536 τῆς

179 4557 341 4615 ddcdccdccc.
