3000 5018
741 294 802 352 129

176 472 297 546 δικαίας
328 497 358 536 τε
387 475 438 538 καὶ
469 476 768 557 ἀδέκουςέωλενκαε,
793 498 875 556 quas
900 484 1088 556 dignoscere
1112 501 1207 558 posso
1232 491 1356 560 oportet

178 601 266 664 eum,
299 590 355 663 qui
384 593 494 653 iustus
527 609 659 655 manere
691 596 780 656 velit.
815 595 1057 671 Quodammodo
1090 597 1141 657 hic
1165 605 1216 676 τῆς
1240 595 1356 674 ἀδικίας

178 699 399 764 definitionem
431 705 498 765 iam
531 709 713 783 praeparari
745 723 809 768 non
843 708 974 784 infitior,
1006 725 1138 784 prorsus
1173 712 1356 773 absolutam

180 828 253 875 osse
276 830 368 890 nego.

133 913 161 984 h
225 927 358 989 Variam
390 931 562 993 lectionem
595 937 695 1012 Δῆλον
727 936 849 996 omisso
881 934 925 995 ὅτι
948 938 1034 996 recte
1058 937 1141 996 Bait.
1168 940 1200 997 61
1225 936 1355 1012 Gampb.

136 1026 162 1093 lt
182 1041 366 1119 probarunt,
391 1044 490 1105 eiiam
517 1047 674 1107 sichaeus
699 1045 741 1106 δἐι
765 1049 885 1109 omisit.
908 1040 928 1130 ΙΙ
950 1049 1044 1109 Codd.
1066 1050 1181 1110 deterr.
1204 1050 1357 1110 δουλεύειν

182 1161 225 1234 τῷ.
242 1162 296 1213 τοῦ
320 1152 443 1233 ἀρχικοῦ
466 1154 572 1237 ρένους
595 1155 657 1218 ὄντι
676 1161 904 1222 exhibentibus
924 1176 1039 1222 omnes
1060 1164 1149 1223 editt.
1171 1166 1356 1237 paruerunt.

183 1265 242 1326 Pro
273 1276 313 1350 τῷ
343 1276 396 1327 τού
427 1270 460 1329 in
490 1272 622 1345 optimis
653 1274 744 1334 codd.
777 1274 918 1346 legimus
941 1282 994 1332 τοῦ
1019 1269 1047 1333 δ’
1075 1265 1114 1333 ού
1139 1275 1302 1353 δουλεύειν,
1324 1277 1357 1336 in

184 1378 255 1439 aliis
274 1388 315 1438 τῶ
335 1374 366 1438 δ’
387 1373 427 1442 αὖ
447 1381 609 1461 δουλεύειν,
629 1386 713 1446 unde
733 1385 913 1458 Madvigius
934 1385 1061 1446 effinxit
1082 1389 1166 1459 quod
1179 1389 1210 1447 in
1224 1388 1357 1450 Vindob.

185 1491 207 1550 R
228 1494 388 1569 scriptum
409 1499 529 1574 exstat,
553 1514 670 1573 nempe
690 1498 853 1575 δουλεύειν,
871 1508 910 1580 τῷ
931 1493 961 1557 d'
984 1490 1023 1557 αὖ
1049 1497 1171 1576 (pb)
1197 1500 1359 1578 δουλεύειν,

184 1601 305 1684 ἀρχικοῦ
333 1613 394 1686 κτλ,
423 1611 544 1673 addens
571 1629 627 1687 „ac
650 1614 788 1674 fortasse
815 1613 849 1673 in
873 1613 933 1672 hac
958 1612 1064 1672 forma
1087 1614 1242 1673 orationis
1266 1613 1357 1674 Plato

188 1717 464 1794 <ού>δουλεύειν
494 1726 600 1786 dicero
630 1741 731 1786 ausus
762 1729 823 1801 est,
847 1722 951 1803 τρέπει
975 1725 1152 1800 cogitans’',
1176 1726 1268 1801 maie,
1294 1742 1358 1786 non

185 1832 278 1894 modo
301 1838 384 1907 quod
407 1839 544 1899 τοιούτου
569 1836 653 1911 ὄντος
676 1842 717 1901 ad
740 1856 843 1900 unum
866 1841 996 1899 tantum
1023 1836 1110 1918 μέρος
1133 1840 1359 1915 pertinetem

185 1946 282 2008 etiam
315 1952 398 2023 quod
428 1962 468 2034 τῷ
499 1947 538 2022 (δ’
556 1943 594 2012 αὖ
626 1951 666 2029 μὴ
699 1952 790 2022 δουλ.)
818 1954 890 2012 tum
922 1953 1059 2012 absurde
1093 1953 1132 2012 ad
1156 1950 1188 2011 τὸ
1216 1951 1285 2013 δ’λον
1308 1959 1359 2029 τῆς

185 2069 282 2140 ψυχῆς
314 2064 425 2125 referri
456 2067 591 2140 oportet.
628 2066 775 2141 Plerique
807 2065 937 2126 Stobaoi
967 2066 1056 2125 codd.
1092 2079 1132 2124 ea
1164 2065 1261 2126 verba
1295 2080 1359 2125 non

185 2178 305 2240 addunt
335 2181 430 2248 (unus
461 2187 545 2256 χικοῦ
575 2188 628 2239 τοῦ
660 2174 688 2237 δ’
723 2169 779 2238 οὖν
811 2177 963 2238 δουλεύειν
993 2179 1146 2253 praebet),
1180 2193 1242 2252 quo
1269 2180 1360 2253 patet

184 2289 331 2353 librarios
361 2293 413 2355 hic
445 2295 557 2354 turbas
588 2294 693 2355 ciisse.
732 2293 863 2367 Vulgata
889 2292 984 2366 igitur
1018 2292 1173 2351 cubando
1196 2291 1359 2352 66111161)-

185 2403 298 2466 holdus
320 2406 435 2477 (Fleck.
457 2409 527 2469 Jbb.
552 2409 647 2478 1888)
668 2409 701 2468 61
720 2407 877 2466 Richards
897 2405 1009 2476 (class.
1031 2405 1110 2464 Rev.
1137 2405 1231 2474 1893)
1255 2405 1361 2464 verbis

184 2515 305 2596 πρέπειν
339 2517 418 2600 αύτῷ
450 2511 601 2579 δουλεύειν
631 2520 746 2580 offensi
777 2519 982 2579 coniecerunt
1012 2518 1062 2578 hic
1099 2513 1231 2595 [πρέπειν
1256 2515 1359 2598 uvivum,

184 2629 237 2693 1116
271 2627 374 2714 [αὐτῷ]
408 2631 560 2691 δουλεύειν
592 2654 631 2717 τῳ
662 2633 758 2703 (dub.)
789 2639 841 2691 τοῦ
872 2635 932 2707 κτλ,
963 2646 1099 2704 quorum
1133 2632 1248 2689 neutro
1280 2645 1360 2703 opus

182 2749 243 2807 est.
269 2779 310 2788 -
334 2745 408 2804 Mox
431 2747 554 2819 corrige
577 2745 630 2821 τήν
655 2765 687 2824 γε
710 2742 829 2803 ἀδικίαν
852 2741 985 2819 καὶκτλ,
1008 2744 1084 2815 quia
1107 2742 1265 2802 articulus
1284 2745 1359 2801 ante

176 2860 306 2933 reliqua
335 2859 468 2920 nomina
498 2859 611 2918 abesse
635 2859 756 2932 nequit,
781 2858 810 2916 si
838 2858 971 2930 vulgata
994 2858 1159 2930 servatur;
1186 2855 1248 2915 vid.
1275 2855 1360 2914 dicta

173 2975 218 3034 81
241 2973 307 3032 334
326 2972 361 3031 Ε.
384 3005 424 3015 -
445 2964 516 3032 Par¹
536 2972 564 3030 A
584 2971 657 3031 1661.
678 2967 768 3029 ταύτὰ
788 2965 841 3046 μὲν
862 2961 918 3029 οὖν
937 2978 1027 3028 ταῦτα
1047 2969 1114 3029 1616
1134 2984 1249 3029 omnes
1268 2969 1358 3029 editt.

167 3088 328 3148 recentes
350 3088 550 3162 receperunt,
575 3085 670 3159 male,
695 3101 770 3144 cum
794 3084 841 3144 sic
865 3084 1006 3144 Glaucou
1031 3083 1231 3156 aproposito
1254 3082 1360 3140 aliena

168 3199 372 3276 respondeat
403 3215 506 3272 nequo
537 3199 650 3259 idoneo
683 3212 837 3272 responso
865 3193 981 3264 ἀδικίας
1011 3193 1256 3266 investigationi
1285 3192 1359 3252 fluis

167 3312 376 3390 imponatur.
409 3312 538 3373 Stobaei
568 3327 682 3385 parum
715 3310 896 3383 elegantem
928 3308 1100 3368 lectionem
1125 3303 1201 3366 αύτδι
1224 3301 1278 3382 μὲν
1303 3295 1360 3363 οὖν
1404 3340 1406 3345 -

168 3435 274 3488 ταῦτα
294 3426 451 3486 Richards
470 3426 582 3495 (class,
603 3425 682 3484 Rev.
703 3424 797 3493 1893)
812 3424 844 3483 ct
857 3421 987 3495 damph.
1002 3421 1187 3495 probarunt.
1202 3420 1357 3492 Equidem

170 3542 259 3618 puto
284 3539 425 3600 Socratis
450 3539 547 3598 verba
572 3530 680 3596 τοιαῦτ’
706 3532 776 3595 ἀττα
799 3538 848 3594 κτλ
872 3550 973 3609 paene
997 3535 1144 3607 flagitare
1167 3548 1359 3608 responsum

170 3653 262 3716 hoco
291 3661 412 3712 τοιαῦτα
443 3647 497 3729 μὲν
521 3641 576 3710 οὖν
599 3658 690 3709 ταύτα
713 3664 817 3722 neque
840 3649 934 3709 alitor
957 3648 1050 3707 Astio
1076 3647 1244 3706 videbatur
1268 3645 1358 3706 corri-

173 3767 273 3844 genti
307 3773 398 3825 ταῦτα
429 3761 482 3841 μὲν
513 3754 569 3824 οὖν
601 3771 722 3822 τοιαῦτα
753 3762 803 3832 (of.
837 3761 930 3834 Soph.
962 3760 1062 3820 Elect.
1095 3760 1158 3820 686
1189 3756 1239 3817 καὶ
1268 3765 1360 3816 ταῦτα

178 3876 238 3957 μὲν
272 3883 414 3949 τοιαῦτα).
450 3869 562 3940 Stallb¹
600 3878 709 3948 (1829)
740 3876 836 3936 lectio
867 3882 958 3932 ταῦτα
990 3868 1043 3949 μὲν
1075 3862 1131 3930 οὖν
1162 3878 1253 3930 ταῦτα
1285 3869 1361 3929 16111

127 3970 136 4033 1
175 3993 299 4068 potest.
325 3984 344 4075 ΙΙ
368 3993 473 4052 Verba
493 3989 532 4063 ὡς
552 3988 648 4050 ἐκεῖνα
669 3987 701 4048 ἐν
722 3988 842 4064 σώματι,
865 3995 956 4046 ταῦτα
973 3983 1099 4068 ἐνψυχῇ
1112 3985 1222 4058 spuria
1235 3998 1359 4044 censeo.

178 4107 270 4167 Num
298 4106 410 4167 credas
434 4106 558 4167 Socrati
577 4104 797 4165 necessarium
822 4102 930 4161 visum
956 4115 1027 4160 esse
1052 4091 1362 4174 166616τάύριεινά

182 4220 225 4280 ad
259 4234 384 4296 corpus,
418 4216 469 4291 τὰς
499 4218 616 4289 δικαίας
646 4216 765 4295 ττράξεις
797 4216 836 4275 61
871 4208 1016 4273 animum
1042 4211 1228 4285 pertinere?
1250 4208 1361 4281 Apage

183 4335 304 4408 nugas!
337 4335 408 4393 Iam
432 4333 549 4393 inscita
572 4333 745 4406 structura,
769 4344 833 4402 qua
856 4327 912 4387 illa
935 4326 1033 4386 verba
1056 4322 1188 4395 reliquis
1211 4321 1363 4381 adiuncta

185 4448 273 4522 sunt,
308 4447 569 4520 interpolatorem
606 4444 720 4520 prodit.
756 4443 814 4501 Est
848 4456 913 4499 una
947 4456 964 4498 6
999 4438 1085 4498 notis
1118 4434 1360 4508 marginalibus

127 4532 156 4602 1)
187 4561 304 4635 quibus
325 4538 437 4621 textus
461 4559 648 4621 Platonicus
672 4559 775 4617 adhuc
797 4555 936 4614 infectus
961 4554 1021 4612 est.
1055 4543 1074 4634 ΙΙ
1107 4550 1177 4607 vam
1202 4549 1225 4608 L
1246 4544 1361 4626 ὑγίειαν

1268 4652 1282 4696 o
