3000 5018
823 268 864 326 56

257 454 490 528 Thrasymachi
522 454 645 514 dicium
676 449 695 529 ἡ
727 449 781 529 μὲν
809 453 985 530 δικαιοσύνη
1009 450 1162 531 ἀλλότριον
1185 451 1315 532 ἀγαθόν,
1337 452 1436 514 οἰκεία

258 561 291 625 δὲ
321 565 429 645 βλάβη,
457 561 476 642 ἡ
508 561 541 625 δὲ
570 563 670 624 ἀδικία
701 565 884 625 τούναντίον.
916 600 957 607 ·—
983 567 1053 624 V⁸¹1¹
1083 567 1108 626 L
1139 563 1436 651 παρασκευασαμένη

257 680 433 754 probarunt
465 679 611 740 Schneid.
644 679 820 739 Hermann.
853 679 965 740 Stallb.
984 679 1106 749 (1858)
1138 679 1221 739 Bait.
1247 679 1435 755 campbell;

260 807 318 866 ego
339 795 467 867 propter
484 807 711 867 praegressum
731 795 805 862 (361
820 793 858 862 A)
880 789 1131 870 παρεσκευακέναι
1150 794 1332 867 perfectum
1343 804 1437 868 prce·

213 893 374 965 (iseram.
409 898 429 988 ΙΙ
463 906 537 966 Mox
568 906 639 980 lege
669 906 810 983 πρόθυρα
842 901 895 981 μὲν
929 903 989 977 [καλ
1021 909 1128 983 σχῆμα]
1157 906 1256 991 κύκλῳ
1278 911 1338 966 κτλ.
1363 907 1438 968 Vox

259 1026 355 1096 σχῆμα
386 1020 712 1094 interpretamentum
744 1021 796 1079 est
828 1019 918 1079 verbi
947 1017 1088 1098 πρόθυρα
1121 1022 1166 1090 (et
1195 1020 1317 1081 Phiieh.
1350 1021 1439 1082 640

258 1133 365 1202 obvii).
389 1133 511 1192 Versus
534 1133 717 1193 Archilochi
745 1135 823 1192 sunt
846 1134 933 1194 hice:
958 1143 997 1216 τῷ
1022 1128 1051 1193 d’
1076 1128 1120 1211 ἀρ’
1148 1132 1267 1211 ἀλώπηξ
1290 1134 1438 1213 κερδαλέη

261 1243 419 1322 συνήντετο
440 1242 444 1321 ξ
465 1244 581 1305 πυκνὸν
612 1244 719 1324 ἔχουσα
750 1246 822 1306 νόον
855 1249 981 1322 (Bergk.
1013 1250 1144 1310 Anthol.
1174 1251 1247 1324 Lyr.
1271 1250 1310 1311 fr.
1336 1250 1382 1310 88
1396 1255 1438 1320 a).

262 1357 322 1418 Pro
342 1356 416 1435 φησὶ
433 1359 511 1419 Ven.
534 1361 568 1416 Π
583 1358 673 1437 φήσει
692 1360 833 1437 praebet,
854 1363 938 1434 quod
958 1365 1045 1422 recte
1056 1362 1137 1423 Blrh.
1151 1363 1214 1423 Ast
1225 1365 1437 1438 receperunt;

211 1469 241 1533 Ι)
265 1471 305 1532 cf.
334 1472 367 1531 in
398 1487 550 1547 responso
581 1471 717 1548 φήσομεν
748 1476 782 1534 et
809 1475 913 1535 366A
936 1473 1033 1551 φήσει.
1058 1467 1077 1557 ΙΙ
1103 1475 1183 1535 cum
1207 1476 1319 1550 paucis
1343 1476 1438 1536 codd.

263 1585 369 1658 legere
400 1585 487 1645 maio
518 1583 565 1644 ee
595 1583 652 1664 γὰρ
682 1596 721 1667 τῷ
746 1592 812 1662 (pro
842 1586 885 1659 τὸ)
908 1588 1082 1666 λανθάνειν,
1104 1589 1144 1649 cf.
1169 1589 1303 1650 Phaedr.
1330 1589 1439 1650 245ss

263 1692 305 1757 ἐπ’
337 1694 463 1780 ὠφελείᾳ
477 1745 482 1756 .
497 1745 522 1756 ..
546 1695 737 1776 ἐπιπέμπεται
765 1703 799 1760 et
822 1696 863 1760 ἐπ’
890 1700 1008 1783 εὐτυχίη
1022 1747 1027 1759 .
1041 1747 1047 1760 .
1062 1747 1087 1759 ..
1113 1701 1234 1761 δίδοται.
1257 1702 1333 1762 Mox
1359 1705 1441 1778 opti·

262 1827 391 1876 morum
405 1813 493 1874 codd.
507 1813 580 1874 lect.
594 1810 681 1890 μέλει,
692 1811 742 1872 καλ
753 1809 826 1889 ἡμῖν
838 1811 976 1890 μελητέον
993 1815 1113 1889 recepit
1126 1815 1236 1876 Herm.
1251 1816 1441 1889 (Schmclz.)

263 1928 390 1987 mutato
415 1923 528 1986 υάκσῦν
551 1926 583 1985 in
607 1924 730 2002 υάκυυν,
752 1942 861 2001 prave,
882 1942 957 1987 cum
977 1942 1018 1986 ex
1038 1929 1214 1988 adversarii
1234 1928 1344 1989 verbis
1364 1926 1443 1989 ἀλλά

264 2038 302 2116 δὴ
332 2038 424 2111 θεοὺς
453 2044 503 2098 κκλ
525 2040 616 2100 nulla
639 2039 801 2101 conclusio
824 2039 896 2099 duci
919 2040 1023 2112 possit
1046 2056 1149 2113 neque
1173 2038 1285 2101 σάκυυν
1310 2044 1441 2116 (partic.

264 2154 425 2227 negativa)
457 2153 725 2213 demonstrationi
756 2154 869 2227 aptum
893 2153 946 2212 sit.
971 2152 1097 2213 Belrker
1120 2156 1153 2214 et
1177 2154 1342 2229 Gampbell
1369 2156 1442 2215 V⁸¹1¹

264 2267 289 2324 L
312 2260 379 2324 οὐδ’
408 2261 479 2336 [καὶ]
504 2261 576 2341 ἡμῖν
600 2261 738 2340 μελητέον
763 2264 948 2338 probarunt.
970 2264 1051 2324 Cum
1073 2281 1148 2326 vero
1168 2261 1236 2326 οὐδ’
1257 2283 1322 2328 non
1342 2269 1443 2333 facile

265 2379 297 2438 in
332 2374 382 2436 καὶ
416 2379 503 2438 abire
538 2379 687 2454 potuerit,
730 2377 874 2437 maxime
913 2377 1076 2452 probanda
1111 2382 1162 2439 est
1195 2381 1293 2442 tertia
1327 2381 1442 2460 lectio,

265 2507 362 2565 quam
384 2492 492 2566 Steph.
513 2493 584 2551 Ast.
606 2491 779 2551 Schneider
797 2493 1019 2567 susceperunt,
1039 2491 1218 2567 nempeuai
1230 2488 1303 2571 ἡμῖν
1319 2495 1438 2570 <οά>

267 2603 413 2683 μελητέον.
436 2606 557 2666 Baiteri
580 2615 637 2666 c*m
663 2608 771 2677 (quam
792 2604 972 2677 Madvigius
991 2605 1148 2679 probavit)
1168 2603 1217 2665 καὶ
1236 2601 1310 2683 ἡμῖν
1328 2605 1442 2688 ἀμελη-

265 2717 331 2779 vioe
361 2722 448 2781 recte
478 2719 633 2780 refutavit
657 2718 787 2791 Oampb.
813 2718 923 2778 dicens
949 2720 1024 2794 „the
1050 2721 1202 2793 meaning
1224 2721 1254 2780 is
1277 2724 1353 2783 not:
1380 2723 1442 2784 We

265 2829 358 2908 occu
386 2836 443 2894 not
472 2835 506 2893 to
537 2832 648 2892 attend
679 2833 713 2891 to
736 2832 968 2909 concealment,
992 2833 1050 2893 but
1074 2850 1122 2894 we
1145 2835 1221 2894 need
1243 2837 1301 2895 not
1323 2839 1441 2898 attend

265 2950 299 3008 to
330 2947 583 3008 concealment.”
608 2946 812 3007 Stallbaumii
840 2946 935 3006 lectio
956 2949 1189 3008 correctoribus
1213 2949 1360 3026 debetur,
1384 2953 1442 3024 qui

213 3059 242 3124 li
266 3059 303 3120 od
326 3061 448 3121 omisso
471 3061 578 3120 ruenti
605 3060 786 3119 sententiae
809 3059 838 3117 τί
860 3037 1029 3121 inserendo
1054 3062 1197 3122 subsidio
1222 3067 1392 3125 venerunt.
1421 3059 1436 3146 Ιλ

143 3215 147 3224 ,
265 3175 348 3235 Malo
372 3190 447 3235 cum
471 3174 582 3248 paucis
605 3173 693 3233 codd.
717 3171 801 3248 ἴσμεν
825 3169 875 3230 καὶ
899 3177 965 3246 (pro
989 3169 1018 3251 λ)
1043 3170 1214 3251 ἀκηκόαμεν
1237 3175 1355 3248 legere.
1379 3178 1439 3239 Pro

264 3286 359 3367 λόγων
391 3288 421 3357 (i.
446 3304 473 3348 e.
505 3287 600 3347 fando
632 3287 752 3355 audire)
784 3286 833 3345 vir
864 3288 977 3347 doctus
1000 3287 1130 3362 Montijn
1156 3287 1230 3359 (v'id.
1254 3290 1294 3349 ad
1319 3290 1386 3350 327
1399 3291 1439 3360 A)

264 3401 447 3475 requirebat
477 3398 665 3479 μυθολόγων,
695 3400 779 3473 quod
810 3415 874 3460 non
907 3401 1117 3477 probandum,
1149 3402 1225 3474 quia
1254 3399 1337 3480 λόγοι
1362 3405 1440 3462 sunt

265 3520 368 3591 μῦθοι.
398 3514 444 3573 De
475 3512 572 3592 λόγοις
604 3514 728 3573 multus
760 3515 811 3573 est
842 3513 934 3574 Plato
960 3514 992 3573 in
1017 3515 1080 3572 III⁰
1105 3513 1255 3574 civitatis
1277 3515 1370 3577 libro.
1398 3550 1436 3560 -

265 3628 340 3687 Mox
363 3627 484 3700 corrige
508 3627 554 3685 sis
577 3623 626 3684 καλ
648 3623 679 3684 ἐκ
699 3627 730 3696 (i.
753 3643 779 3687 θ.
804 3623 871 3696 κάκ)
895 3634 953 3685 τῶν
971 3627 1249 3705 γενεαλογησάντων
1268 3631 1327 3687 κτλ.
1349 3631 1438 3691 Licet

265 3741 370 3802 dicere
393 3737 424 3798 ἐκ
447 3747 506 3799 τῶν
529 3738 624 3817 λόγων
648 3736 698 3798 καλ
720 3747 779 3798 τῶν
801 3763 827 3818 γ.
850 3760 880 3797 τι.
904 3739 974 3799 sive
999 3736 1030 3797 ἐκ
1054 3746 1112 3797 τῶν
1136 3761 1166 3799 τε
1189 3737 1285 3820 λόγων
1308 3738 1361 3801 καλ
1380 3745 1438 3819 κτλ,

263 3871 327 3915 non
360 3871 434 3916 vero
465 3853 497 3914 ἔκ
527 3876 557 3913 τε
587 3863 645 3913 τῶν
676 3853 772 3934 λόγων
803 3851 852 3913 καλ
884 3862 950 3913 τῶν.
977 3889 1017 3898 -
1042 3853 1111 3912 V*m
1139 3855 1164 3914 L
1188 3852 1327 3933 ἀγαναῖσι
1351 3857 1437 3918 rccie

263 3969 374 4029 Stailb.
408 3970 515 4038 (1858)
548 3968 703 4041 probavit.
737 3967 818 4027 Cum
850 3968 936 4027 enim
962 3968 1056 4027 modo
1080 3969 1277 4028 Adimantus
1302 3969 1435 4030 Homeri

263 4099 377 4142 versus
401 4083 505 4142 citans
528 4080 669 4158 εὐχωλαῖς
693 4078 850 4159 ἀγαναῖσιν
876 4081 995 4140 dixerit
1023 4081 1167 4151 (Homeri
1191 4082 1280 4142 codd.
1307 4081 1436 4167 εὐχωλῇς

263 4193 408 4278 ἀγανῇσιν
441 4196 558 4264 exhib.)
592 4195 769 4266 eademque
800 4194 897 4254 verba
928 4210 1014 4254 nunc
1044 4194 1150 4270 iteret,
1185 4195 1364 4256 verisimile
1387 4199 1437 4257 est

262 4306 398 4387 ἀγυναῐσι
432 4310 550 4379 (Ionica
573 4309 678 4369 forma
701 4309 800 4382 igitur
823 4309 875 4368 hic
899 4309 1016 4369 offendi
1040 4326 1099 4370 nos
1122 4326 1185 4370 non
1210 4312 1347 4388 oportet,
1373 4312 1435 4372 vid.

262 4424 301 4483 ad
333 4425 397 4484 345
410 4425 444 4493 E)
476 4440 496 4484 a
527 4425 660 4484 Platone
692 4426 849 4498 scriptum
874 4440 956 4500 esse,
986 4427 1043 4502 sed
1067 4426 1284 4501 superscripto
1308 4423 1436 4510 ἀγανῇσι

88 4510 167 4712 .
263 4553 280 4595 e
304 4538 397 4596 textu
420 4537 552 4611 pulsum
576 4553 658 4612 esse,
683 4539 767 4597 sicut
791 4539 823 4597 in
849 4537 952 4597 3641)
979 4552 1075 4610 super
1099 4535 1190 4597 λισισλ
1213 4539 1317 4599 altera
1341 4539 1437 4600 lectio
