3000 5018
795 241 857 298 136

91 421 210 487 45311
277 426 413 487 Dobraei
442 426 728 500 transpositionem
759 422 896 482 utiliora
927 417 977 479 καλ
1000 418 1194 497 τελευτήσειεν
1217 420 1287 481 iure
1316 421 1417 481 Stall-

179 535 329 600 Bbaum
374 540 578 615 improbavit.
604 531 623 623 ΙΙ
648 537 790 598 Heusdio
830 535 1001 609 corrigenti
1036 532 1107 610 ὑμῖν
1142 531 1278 611 ἀλλήλοις
1315 550 1418 596 nemo

233 651 349 726 paruit,
374 654 471 726 recte,
497 667 571 712 cum
595 651 705 726 procul
729 649 823 710 dubio
848 648 1039 723 respiciatur
1058 647 1149 708 locus
1169 647 1203 706 in
1224 648 1287 707 452
1309 648 1334 707 E
1355 648 1417 709 ult.

233 759 283 821 καὶ
312 760 414 824 δοτέον
437 761 658 843 ἀμφισβήτησιν
682 762 736 823 εἴτε
758 785 870 833 τις....
895 758 990 821 ἐθέλει
1012 757 1243 837 ἀμφισβητῆσαι.
1269 793 1313 803 -
1339 760 1419 821 Mox

232 876 354 949 corrige
385 873 507 937 ἕκαστον
540 874 603 949 [ἕνα
620 872 652 949 1)]
682 875 718 936 ἓν
751 875 794 948 [τὸ
818 872 922 945 αὑτοῦ]
949 873 1093 952 πράττειν.
1118 874 1196 933 Post
1218 870 1293 932 κατὰ
1317 872 1416 950 φύσιν

233 989 331 1049 verba
361 986 413 1048 ἕνα
445 991 476 1060 (i.
501 1007 528 1051 e.
553 987 605 1049 ἕνα
629 987 700 1049 ὄντα
723 989 762 1050 cf.
788 989 852 1049 433
876 989 912 1064 D,
938 989 1002 1048 370
1026 987 1062 1057 Β)
1087 990 1120 1047 et
1142 984 1174 1045 τὸ
1199 984 1292 1045 αὑτοῦ
1318 987 1417 1061 plane

234 1103 407 1163 abundant.
433 1104 532 1164 Recte
556 1102 759 1175 Hirschigius
783 1103 929 1174 (Argum.
955 1099 1099 1160 nonnull.
1123 1099 1156 1159 in
1176 1099 1301 1160 Platon.
1330 1101 1418 1159 1862

189 1218 213 1284 0
237 1217 270 1274 et
289 1216 337 1275 ed.
358 1214 452 1288 Gorg.
468 1215 563 1284 1873)
576 1216 730 1289 probante
743 1214 871 1275 Baitero
883 1213 1024 1273 correxit
1036 1220 1099 1283 πῶς
1113 1206 1140 1271 δ’
1156 1209 1381 1290 ολ[ι1ιαφέρει].
1398 1205 1416 1298 λλ

238 1328 379 1388 Galenus
402 1328 436 1386 in
459 1325 478 1402 ξ
498 1327 589 1387 initio
609 1329 699 1405 recte
717 1325 795 1403 νυνί,
814 1342 877 1399 quo
898 1325 1104 1398 vehementia
1126 1325 1280 1386 orationis
1293 1326 1420 1400 optime

238 1441 427 1516 ostenditur,
460 1441 600 1501 tradidit.
633 1441 670 1500 In
702 1441 720 1510 ὅ
751 1440 809 1500 ult.
841 1441 928 1500 recte
959 1439 1030 1499 Par.
1062 1428 1103 1497 ΑΙ
1133 1431 1219 1497 ταῦτ’
1245 1435 1332 1528 ἔστιν
1348 1435 1420 1516 (pro

187 1556 218 1620 l)
242 1550 328 1623 ἐστίν)
349 1554 489 1614 exhibet.
504 1545 523 1636 ΙΙ
537 1554 672 1615 Temere
689 1553 794 1613 Groen
808 1536 837 1612 'v.
850 1551 1087 1612 Prinstererum
1102 1551 1194 1624 (fugit
1207 1552 1294 1611 enim
1308 1552 1419 1612 virum

238 1669 267 1728 d.
303 1667 445 1729 Socratis
480 1669 658 1729 orationem
695 1667 932 1740 quodammodo
963 1682 983 1726 a
1017 1665 1179 1726 Glaucone
1213 1666 1418 1740 interrumpi)

238 1780 411 1840 verborum
441 1781 585 1840 ordinem
616 1781 650 1840 in
683 1779 816 1853 vulgata
847 1777 883 1838 od
907 1774 949 1855 μὰ
970 1775 1022 1837 τὸν
1046 1777 1114 1855 Δία,
1136 1776 1205 1855 ἔφη,
1228 1777 1264 1838 od
1287 1775 1343 1857 pto
1367 1783 1419 1838 κτλ

238 1893 432 1954 sollicitasse
466 1893 599 1968 patebit,
634 1893 662 1952 si
695 1891 868 1953 contuleris
900 1891 1012 1951 60511
1045 1892 1078 1951 et
1109 1891 1216 1951 Parm.
1245 1892 1304 1951 131
1330 1892 1356 1951 E
1381 1891 1418 1952 οὐ

239 2003 280 2083 μὰ
313 2005 364 2065 τὸν
397 2005 464 2080 Δία,
494 2005 598 2082 φάναι,
628 2001 665 2064 οὔ
698 2025 748 2079 μοι
778 2003 863 2063 δοκεῖ
889 1999 1012 2063 εὔκολον
1044 1995 1119 2062 εἶναι
1144 2000 1176 2062 τὸ
1199 2012 1334 2064 τοιοῦτον
1358 2008 1418 2064 κτλ.

241 2119 320 2181 Cum
356 2119 538 2180 coniunctio
572 2116 629 2197 γὰρ
665 2133 762 2192 saepe
792 2116 900 2177 valeat
930 2116 1017 2177 idem
1049 2131 1087 2177 ac
1121 2110 1311 2193 „profecto”
1347 2118 1419 2178 sine

242 2247 340 2292 causa
376 2232 487 2292 Stallb.
522 2229 577 2311 γὰρ
613 2233 688 2300 ante
725 2228 835 2314 εὐκόλῳ
871 2229 1043 2290 delendum
1073 2230 1208 2291 censuit.
1240 2231 1356 2303 Itaque
1387 2234 1420 2291 et

242 2345 277 2405 0.
302 2344 398 2418 Apelt
418 2343 652 2412 (Observation.
674 2344 744 2402 crit.
765 2343 798 2401 in
819 2343 901 2404 Plat.
921 2342 1008 2417 dial,
1032 2343 1127 2418 1880,
1142 2342 1419 2418 WeimarGymn.

241 2457 394 2526 Jnrsber.)
427 2457 496 2515 sine
528 2471 627 2515 causa
659 2458 748 2529 (opus
771 2456 939 2529 praeterea
961 2455 1068 2516 fuerat
1090 2456 1124 2515 ni
1147 2456 1241 2516 fallor
1263 2454 1299 2516 οὐ
1323 2456 1420 2534 μάτην

242 2593 281 2651 γε
304 2568 345 2648 μὰ
368 2567 418 2628 τὸν
443 2568 501 2627 Δία
524 2566 586 2646 κτλ)
611 2569 649 2630 ci.
675 2566 710 2628 οὐ
739 2567 920 2646 <μάτην>,
942 2565 983 2646 μὰ
1001 2567 1053 2628 τὸν
1073 2568 1131 2627 Δία
1153 2566 1209 2646 (sc.
1232 2569 1420 2647 verebaris),

241 2681 298 2760 ἔφη
324 2701 328 2712 ·
354 2681 390 2742 οὐ
414 2678 469 2761 γὰρ
492 2685 551 2741 κτλ.
574 2715 617 2723 -
640 2683 678 2740 In
700 2680 858 2755 proximis
877 2680 1032 2741 vocabulo
1052 2677 1166 2759 ὀλιτορον
1186 2681 1314 2742 nullum
1336 2698 1420 2742 corn·

241 2797 373 2857 modum
389 2789 410 2865 ²)
443 2809 577 2855 sensum
609 2794 782 2868 praebente
813 2793 922 2853 nullus
945 2793 1057 2853 dubito
1079 2794 1156 2866 quin
1181 2795 1421 2855 Herwerdenus

242 2906 316 2984 (Mn.
345 2909 440 2977 1883)
464 2907 648 2980 corrigendo
673 2902 784 2965 λιστον
805 2905 949 2967 Platonis
969 2921 1104 2966 manum
1123 2907 1216 2967 nobis
1235 2908 1420 2986 reddiderit,

242 3037 318 3081 oum
347 3021 433 3079 inter
458 3017 619 3096 cooperui
643 3019 724 3090 (coll.
749 3011 866 3079 Herod¹
890 3019 996 3080 verbis
1019 3020 1057 3080 de
1079 3020 1199 3081 Arione
1222 3036 1242 3081 a
1266 3022 1420 3096 delphino

242 3135 371 3194 servato
401 3137 492 3207 θῶμα
523 3128 668 3211 μέγιστον,
694 3130 873 3209 Ἀρίονα...
898 3128 945 3189 ἐστὶ
969 3130 1108 3207 δελφῖνος
1132 3130 1332 3211 ἐξενειχθέντα
1359 3139 1419 3205 κτλ)

243 3248 402 3310 eiusmodi
426 3245 565 3325 σωτηρίαι
589 3247 775 3307 referendae
794 3246 869 3306 sint.
891 3245 1008 3306 Naberi
1028 3247 1101 3316 (Mn.
1126 3249 1295 3317 1879101ΙΙΙ
1311 3242 1422 3327 ἄλογον

77 3409 81 3416 .
194 3364 354 3431 Εωίσασ
385 3361 582 3437 probandam
615 3361 705 3420 duco.
730 3350 750 3441 ΙΙ
775 3358 817 3417 V⁸
847 3359 872 3418 L
904 3362 1106 3444 κατηγορεῖται
1137 3361 1230 3422 unice
1259 3376 1336 3422 vera
1360 3363 1421 3438 est,

243 3490 316 3536 cum
341 3489 438 3548 supra
460 3474 602 3534 Glaucon
625 3487 788 3545 nusquam
812 3472 1011 3532 accusatoris
1034 3474 1144 3547 partes
1170 3474 1361 3549 susceperit.

96 3592 160 3650 454
189 3589 218 3654 B
287 3587 396 3645 Unum
428 3586 590 3646 Venetum
622 3581 650 3649 Ξ
675 3582 707 3643 τὸ
740 3582 852 3662 <μὴ>
879 3581 933 3660 τὴν
957 3581 1052 3660 αὐτὴν
1076 3585 1170 3661 φύσιν
1195 3584 1238 3645 ὅτι
1260 3590 1310 3645 κτλ
1332 3602 1421 3661 prae·

243 3701 372 3760 bentem
395 3699 499 3759 secuti
519 3701 596 3758 sunt
616 3714 730 3759 omnes
753 3699 892 3759 editores
911 3701 1040 3773 praeter
1058 3700 1235 3776 Baiterum,
1255 3702 1310 3773 qui
1323 3703 1421 3776 (prob.

241 3813 352 3873 Herm.
377 3815 410 3873 et
433 3812 563 3873 Hellero
588 3813 661 3874 Our.
687 3814 763 3875 Orit.
787 3830 817 3888 p.
843 3815 883 3874 31
905 3817 964 3886 sq.)
987 3811 1079 3891 ἄλλην
1098 3830 1155 3888 pro
1167 3813 1262 3892 αὐτὴν
1274 3818 1421 3878 coniecit.

241 3927 318 3986 Mihi
348 3927 427 3988 illud
464 3923 556 4003 ἄλλην
591 3927 740 4001 displicet
773 3930 941 4002 propterea
975 3927 1059 4000 quod
1094 3927 1165 3989 coll.
1196 3927 1216 4004 ξ
1247 3929 1305 3992 ult.
1338 3927 1423 4014 (ἄλλῃ

274 4179 294 4248 ¹)
313 4186 393 4232 Abest
410 4186 443 4232 ab
462 4185 561 4244 aliquot
578 4184 651 4232 codd.

271 4257 291 4322 ²)
324 4264 473 4310 Scrrnnrnna
493 4264 582 4328 ἄκορον
602 4278 655 4309 σιντ.
676 4263 822 4323 intelligens
843 4261 978 4319 ,salutem
998 4275 1064 4321 qnae
1086 4264 1198 4312 humana
1220 4277 1268 4323 ope
1291 4266 1422 4312 conciliari

235 4341 340 4399 nequit'
358 4343 415 4389 voci
435 4344 523 4407 ἄκορος
539 4344 590 4389 vim
608 4342 702 4389 attulit.
721 4345 755 4388 Τὰ
770 4342 848 4406 ἄκυρα
865 4341 932 4389 enim
947 4343 1120 4400 quamtumvis
1135 4341 1253 4390 difficilia
1268 4336 1422 4403 comparatu

233 4422 320 4495 tamen
346 4433 449 4480 semper
477 4422 593 4480 ipsorum
617 4421 750 4468 hominum
776 4433 854 4480 opera
886 4421 916 4466 et
939 4418 1031 4465 labore
1059 4424 1249 4482 comparantur,
1278 4425 1308 4469 ut
1334 4424 1422 4472 878A

201 4499 324 4567 „fimet
340 4504 417 4556 θῦμα.

201 4600 209 4611 *¹
301 4606 309 4618 ι,

201 4625 251 4641 *⁸*
275 4636 300 4648 ιν

202 4664 209 4672 U
243 4660 251 4670 b

200 4690 207 4700 Ἠ
242 4689 250 4700 ἱ
