3000 5018
527 1461 796 1518 HOAITEIA.

118 1900 163 1961 De
197 1903 292 1961 titulo
326 1904 359 1961 et
393 1902 432 1961 de
466 1902 498 1961 in
534 1902 646 1961 decem
679 1902 777 1960 libros
812 1903 969 1963 divisione
1001 1904 1080 1964 haec
1112 1904 1247 1964 dicenda

75 2014 243 2074 hebernus.
795 2009 797 2013 ’

650 2167 674 2226 Ι.

117 2352 211 2411 1111110
235 2355 328 2425 pacto
351 2352 490 2412 dubitari
511 2354 617 2425 potest
641 2353 718 2424 quin
742 2352 834 2412 Plato
855 2354 914 2412 hoc
935 2368 1015 2426 opus
1036 2369 1133 2413 suurn
1155 2356 1247 2412 Πολι-

73 2463 149 2535 τείας
181 2465 311 2524 nomine
342 2465 557 2538 inscripserit:
589 2465 622 2524 et
644 2465 748 2524 testes
772 2465 872 2524 citare
896 2465 1017 2524 multos
1042 2481 1159 2538 eosque
1186 2465 1248 2526 fide

74 2578 283 2650 dignissimos
306 2593 490 2652 possumus,
515 2593 565 2638 ex.
590 2593 635 2650 gr.
660 2577 871 2636 Aristotelem
895 2578 1029 2653 passim,
1060 2577 1245 2638 Ciceronem

74 2693 107 2750 in
138 2693 177 2752 de
208 2690 312 2751 Diviu.
350 2692 377 2751 1.
400 2692 452 2765 29,
481 2690 639 2750 Galerium
662 2691 696 2750 in
719 2692 758 2751 de
781 2690 904 2750 Platon.
931 2693 964 2749 et
987 2690 1171 2764 Hippocrat.
1197 2692 1245 2751 de·

73 2807 171 2865 cretis
200 2821 230 2878 p.
265 2806 326 2864 735
357 2801 431 2861 κατὰ
462 2802 493 2862 τὸ
524 2800 657 2878 πέμπτον
680 2809 731 2879 τῆς
755 2801 919 2878 Πολιτείας,
944 2803 1043 2862 (ilem.
1068 2804 1242 2864 Alexandr.

74 2919 192 2978 Strom.
227 2918 275 2976 ΙΙΙ
306 2933 334 2991 p.
361 2919 435 2993 519,
467 2916 657 2977 clearchum
690 2915 867 2991 Solensem,
895 2917 948 2988 qui
972 2917 1101 2990 scripsit
1124 2917 1243 2976 librum

73 3029 139 3108 περὶ
168 3040 226 3089 τῶν
259 3028 289 3088 ἕν
321 3039 355 3113 τῇ
390 3028 547 3100 Πλάτωνος
579 3028 717 3110 Πολιτείᾳ
741 3032 958 3105 μαθηματικῶν
982 3026 1144 3107 εἰρημένων
1169 3031 1243 3100 (vid.

74 3145 191 3204 Athen.
215 3145 283 3220 IX),
313 3145 487 3217 Diogenem
511 3143 677 3202 Laertium
700 3143 747 3200 ΠΙ
772 3142 814 3200 60
839 3138 968 3199 πολιτεία
993 3137 1013 3218 ii
1036 3138 1249 3218 respitientes,

75 3256 231 3334 πολιτικός,
264 3258 438 3317 Eusebium
469 3257 602 3330 passim,
634 3255 784 3314 Proclum
811 3248 849 3329 ¹);
883 3255 916 3313 et
947 3253 1070 3312 scimus
1102 3257 1134 3313 et
1167 3253 1248 3313 alios

75 3372 248 3444 scriptores
271 3371 429 3430 eiusmodi
452 3369 580 3443 scriptis
603 3369 690 3428 idem
713 3383 831 3426 nomen
855 3367 981 3426 dedisse
1016 3367 1247 3442 (Protagoram,

75 3485 304 3544 Antisthenem
330 3478 351 3552 ²)
375 3480 441 3561 περὶ
464 3482 558 3558 νόμου
582 3477 601 3559 ἢ
625 3478 870 3558 περὶπολιτείας,
892 3480 1111 3539 Xenocratem
1136 3473 1158 3549 ³)
1182 3476 1248 3558 περὶ

75 3594 230 3671 πολιτείας,
260 3609 458 3666 quamquam
488 3597 517 3654 is
548 3595 632 3668 apud
661 3592 793 3653 Suidam
818 3587 958 3668 περὶτῆς
983 3590 1249 3662 Πλάτωνοςπολι-

75 3709 152 3780 τείας
187 3708 355 3782 scripsisse
389 3707 510 3775 fertur).
547 3707 669 3766 Tamen
701 3705 768 3763 iam
799 3703 979 3776 antiquitus
1010 3706 1137 3779 praeter
1166 3707 1249 3766 hano

74 3823 316 3896 inscriptionem
348 3823 381 3880 et
408 3820 472 3879 alia
495 3819 686 3894 pervulgata
709 3818 786 3878 fuit:
811 3833 889 3877 nam
913 3818 1029 3878 Moeris
1052 3820 1170 3894 rhetor,
1195 3821 1249 3892 qui

76 3937 135 3995 sub
167 3935 328 3995 Hadriano
359 3934 476 4009 floruit,
508 3931 653 3991 Platonis
688 3928 841 4000 Πολιτείας
874 3934 1035 3991 memorat
1067 3933 1141 4002 (vid.
1173 3933 1194 3993 i.
1219 3948 1247 3993 a.

76 4065 105 4123 p.
127 4050 190 4107 208
210 4044 339 4125 λέγει-
352 4063 396 4107 sc.
418 4045 544 4104 Πλάτων
560 4079 599 4086 -
612 4047 766 4102 πολιτειῶν
778 4046 806 4120 p)
828 4044 861 4102 et
874 4041 1120 4116 olympiodorus
1133 4046 1167 4104 in
1180 4046 1248 4104 suis

109 4353 130 4421 ¹)
147 4356 246 4413 Quibus
273 4357 333 4403 eddi
357 4360 465 4416 possunt
490 4354 609 4402 Hermiae
630 4351 738 4414 (Oomm.
764 4353 790 4397 in
814 4351 942 4408 Phaedr.),
963 4352 1051 4399 Theon
1070 4349 1156 4412 (Prog.
1173 4365 1198 4411 p.
1220 4354 1247 4398 11

77 4436 117 4482 sd.
136 4437 237 4493 (irem),
255 4437 432 4495 Harpocratio,
450 4435 500 4482 elii.

108 4510 129 4576 2)
147 4515 221 4574 Diog.
239 4516 324 4561 Leert.
338 4514 372 4561 IV
392 4516 415 4560 6.

108 4590 129 4655 ³)
150 4595 222 4652 Diog.
241 4595 326 4640 Laert.
345 4593 379 4639 IV
397 4593 436 4638 12.
