<?xml version="1.0" encoding="UTF-8"?>
<!DOCTYPE html PUBLIC "-//W3C//DTD XHTML 1.0 Transitional//EN"
    "http://www.w3.org/TR/xhtml1/DTD/xhtml1-transitional.dtd">
<html xmlns="http://www.w3.org/1999/xhtml" xml:lang="en" lang="en">
 <head>
  <title>
</title>
<meta http-equiv="Content-Type" content="text/html;charset=utf-8" />
  <meta name='ocr-system' content='tesseract 3.04.00' />
  <meta name='ocr-capabilities' content='ocr_page ocr_carea ocr_par ocr_line ocrx_word'/>
</head>
<body>
  <div class='ocr_page' id='page_1' title='image "./notaecriticaead00hartgoog_0095.png"; bbox 0 0 3000 5018; ppageno 0'>
   <div class='ocr_carea' id='block_1_1' title="bbox 802 260 842 318">
    <p class='ocr_par' dir='ltr' id='par_1_1' title="bbox 802 260 842 318">
     <span class='ocr_line' id='line_1_1' title="bbox 802 260 842 318; baseline 0 0"><span class='ocrx_word' id='word_1_1' title='bbox 802 260 842 318; x_wconf 81' lang='lat'><strong>74</strong></span> 
     </span>
    </p>
   </div>
   <div class='ocr_carea' id='block_1_2' title="bbox 88 440 1447 3473">
    <p class='ocr_par' dir='ltr' id='par_1_2' title="bbox 233 440 1401 1770">
     <span class='ocr_line' id='line_1_2' title="bbox 234 440 1382 526; baseline -0.003 -24"><span class='ocrx_word' id='word_1_2' title='bbox 234 443 339 503; x_wconf 83' lang='lat' dir='ltr'>Troilo</span> <span class='ocrx_word' id='word_1_3' title='bbox 359 452 394 526; x_wconf 76' lang='grc' dir='ltr'><strong>τῇ</strong></span> <span class='ocrx_word' id='word_1_4' title='bbox 414 442 615 526; x_wconf 82' lang='grc' dir='ltr'><strong><em>τταντομόρφιμ</em></strong></span> <span class='ocrx_word' id='word_1_5' title='bbox 638 441 735 502; x_wconf 79' lang='grc' dir='ltr'><strong><em>Θέτιδι</em></strong></span> <span class='ocrx_word' id='word_1_6' title='bbox 754 442 934 520; x_wconf 77' lang='grc' dir='ltr'><strong><em>συμπλακείς</em></strong></span> <span class='ocrx_word' id='word_1_7' title='bbox 954 462 1024 502; x_wconf 85' lang='grc' dir='ltr'><strong><em>ττοτε</em></strong></span> <span class='ocrx_word' id='word_1_8' title='bbox 1044 445 1077 503; x_wconf 77' lang='lat' dir='ltr'><strong>et</strong></span> <span class='ocrx_word' id='word_1_9' title='bbox 1093 442 1259 518; x_wconf 79' lang='lat' dir='ltr'>Sophoclis</span> <span class='ocrx_word' id='word_1_10' title='bbox 1271 440 1382 504; x_wconf 84' lang='lat' dir='ltr'><strong>Achills</strong></span> 
     </span>
     <span class='ocr_line' id='line_1_3' title="bbox 233 553 1382 634; baseline -0.003 -19"><span class='ocrx_word' id='word_1_11' title='bbox 233 557 416 617; x_wconf 78' lang='lat' dir='ltr'><strong>Amatores,</strong></span> <span class='ocrx_word' id='word_1_12' title='bbox 441 557 624 616; x_wconf 84' lang='lat' dir='ltr'><strong>Bekkerum</strong></span> <span class='ocrx_word' id='word_1_13' title='bbox 648 572 722 617; x_wconf 90' lang='lat' dir='ltr'><strong>cum</strong></span> <span class='ocrx_word' id='word_1_14' title='bbox 746 557 957 618; x_wconf 83' lang='lat' dir='ltr'><strong>Valckenario</strong></span> <span class='ocrx_word' id='word_1_15' title='bbox 982 553 1049 634; x_wconf 87' lang='lat' dir='ltr'><strong>(qui</strong></span> <span class='ocrx_word' id='word_1_16' title='bbox 1073 571 1206 617; x_wconf 89' lang='lat' dir='ltr'><strong>versum</strong></span> <span class='ocrx_word' id='word_1_17' title='bbox 1231 554 1382 631; x_wconf 82' lang='lat' dir='ltr'><strong>paroemia·</strong></span> 
     </span>
     <span class='ocr_line' id='line_1_4' title="bbox 234 659 1384 748; baseline -0.002 -20"><span class='ocrx_word' id='word_1_18' title='bbox 234 684 308 729; x_wconf 89' lang='lat' dir='ltr'><strong>cum</strong></span> <span class='ocrx_word' id='word_1_19' title='bbox 332 671 459 744; x_wconf 87' lang='lat' dir='ltr'><strong>putavit</strong></span> <span class='ocrx_word' id='word_1_20' title='bbox 485 704 522 711; x_wconf 91' lang='lat'>—</span> <span class='ocrx_word' id='word_1_21' title='bbox 536 677 672 747; x_wconf 77' lang='grc' dir='ltr'><strong>ποταμοῦ</strong></span> <span class='ocrx_word' id='word_1_22' title='bbox 695 667 798 729; x_wconf 69' lang='lat' dir='ltr'><strong>cccclv</strong></span> <span class='ocrx_word' id='word_1_23' title='bbox 821 668 979 748; x_wconf 79' lang='grc' dir='ltr'><strong><em>βιοδώροις</em></strong></span> <span class='ocrx_word' id='word_1_24' title='bbox 991 666 1046 746; x_wconf 93' lang='grc'><strong>-)</strong></span> <span class='ocrx_word' id='word_1_25' title='bbox 1070 665 1174 728; x_wconf 86' lang='grc' dir='ltr'><strong><em>ιταισλν</em></strong></span> <span class='ocrx_word' id='word_1_26' title='bbox 1199 684 1260 746; x_wconf 85' lang='lat' dir='ltr'><strong>pro¹</strong></span> <span class='ocrx_word' id='word_1_27' title='bbox 1278 663 1354 727; x_wconf 82' lang='grc' dir='ltr'><strong><em>τοισὶ</em></strong></span> <span class='ocrx_word' id='word_1_28' title='bbox 1367 659 1384 742; x_wconf 83' lang='grc'><strong>1)</strong></span> 
     </span>
     <span class='ocr_line' id='line_1_5' title="bbox 234 777 1386 861; baseline -0.003 -17"><span class='ocrx_word' id='word_1_29' title='bbox 234 784 426 844; x_wconf 80' lang='lat' dir='ltr'>scribentem</span> <span class='ocrx_word' id='word_1_30' title='bbox 459 784 526 846; x_wconf 85' lang='lat' dir='ltr'><strong>iere</strong></span> <span class='ocrx_word' id='word_1_31' title='bbox 549 800 664 846; x_wconf 90' lang='lat' dir='ltr'><strong>omnes</strong></span> <span class='ocrx_word' id='word_1_32' title='bbox 687 787 777 847; x_wconf 93' lang='lat' dir='ltr'><strong>editt.</strong></span> <span class='ocrx_word' id='word_1_33' title='bbox 803 786 906 846; x_wconf 88' lang='lat' dir='ltr'><strong>secuti</strong></span> <span class='ocrx_word' id='word_1_34' title='bbox 930 787 1017 861; x_wconf 86' lang='lat' dir='ltr'><strong>sunt,</strong></span> <span class='ocrx_word' id='word_1_35' title='bbox 1041 786 1148 845; x_wconf 90' lang='lat' dir='ltr'><strong>itaut</strong></span> <span class='ocrx_word' id='word_1_36' title='bbox 1172 785 1271 846; x_wconf 89' lang='lat' dir='ltr'><strong>verba</strong></span> <span class='ocrx_word' id='word_1_37' title='bbox 1291 777 1386 860; x_wconf 82' lang='grc' dir='ltr'><strong><em>Ἰνάηοι</em></strong></span> 
     </span>
     <span class='ocr_line' id='line_1_6' title="bbox 234 895 1393 978; baseline 0.002 -22"><span class='ocrx_word' id='word_1_38' title='bbox 234 897 362 976; x_wconf 77' lang='grc' dir='ltr'><em>Ἀργείου</em></span> <span class='ocrx_word' id='word_1_39' title='bbox 381 906 517 975; x_wconf 80' lang='grc' dir='ltr'><strong><em>ποταμοῦ</em></strong></span> <span class='ocrx_word' id='word_1_40' title='bbox 535 896 639 959; x_wconf 75' lang='grc' dir='ltr'><strong><em>ιταισλν</em></strong></span> <span class='ocrx_word' id='word_1_41' title='bbox 659 898 816 978; x_wconf 80' lang='grc' dir='ltr'><strong><em>βιοδώροις</em></strong></span> <span class='ocrx_word' id='word_1_42' title='bbox 836 900 869 958; x_wconf 92' lang='lat' dir='ltr'><strong>in</strong></span> <span class='ocrx_word' id='word_1_43' title='bbox 889 900 1019 959; x_wconf 79' lang='lat' dir='ltr'><strong>hexam.</strong></span> <span class='ocrx_word' id='word_1_44' title='bbox 1041 900 1124 959; x_wconf 78' lang='lat' dir='ltr'><strong>dact.</strong></span> <span class='ocrx_word' id='word_1_45' title='bbox 1145 898 1287 959; x_wconf 81' lang='lat' dir='ltr'><strong>formam</strong></span> <span class='ocrx_word' id='word_1_46' title='bbox 1305 895 1393 970; x_wconf 78' lang='lat' dir='ltr'><strong>rediri</strong></span> 
     </span>
     <span class='ocr_line' id='line_1_7' title="bbox 233 1003 1391 1088; baseline -0.001 -17"><span class='ocrx_word' id='word_1_47' title='bbox 233 1013 367 1086; x_wconf 82' lang='lat' dir='ltr'><strong>possint.</strong></span> <span class='ocrx_word' id='word_1_48' title='bbox 389 1011 570 1072; x_wconf 88' lang='lat' dir='ltr'><strong>Dindorfius</strong></span> <span class='ocrx_word' id='word_1_49' title='bbox 589 1012 668 1073; x_wconf 92' lang='lat' dir='ltr'><strong>illud</strong></span> <span class='ocrx_word' id='word_1_50' title='bbox 688 1013 841 1086; x_wconf 83' lang='lat' dir='ltr'><strong>Aeschyli</strong></span> <span class='ocrx_word' id='word_1_51' title='bbox 860 1013 1016 1072; x_wconf 86' lang='lat' dir='ltr'><strong>Xantriae</strong></span> <span class='ocrx_word' id='word_1_52' title='bbox 1032 1012 1254 1086; x_wconf 78' lang='lat' dir='ltr'><strong>fragmentum</strong></span> <span class='ocrx_word' id='word_1_53' title='bbox 1267 1003 1317 1088; x_wconf 87' lang='lat' dir='ltr'><strong>(n⁰</strong></span> <span class='ocrx_word' id='word_1_54' title='bbox 1330 1005 1391 1087; x_wconf 75' lang='lat' dir='ltr'><strong>ilo)</strong></span> 
     </span>
     <span class='ocr_line' id='line_1_8' title="bbox 233 1117 1393 1207; baseline -0.001 -23"><span class='ocrx_word' id='word_1_55' title='bbox 233 1126 281 1186; x_wconf 77' lang='lat' dir='ltr'><strong>sic</strong></span> <span class='ocrx_word' id='word_1_56' title='bbox 304 1126 473 1186; x_wconf 76' lang='lat' dir='ltr'><strong>constituit</strong></span> <span class='ocrx_word' id='word_1_57' title='bbox 496 1121 707 1205; x_wconf 78' lang='grc' dir='ltr'><strong><em>ὄρεσσιμόνοισι</em></strong></span> <span class='ocrx_word' id='word_1_58' title='bbox 728 1122 732 1207; x_wconf 77' lang='grc' dir='ltr'>Ι</span> <span class='ocrx_word' id='word_1_59' title='bbox 752 1125 886 1203; x_wconf 80' lang='grc' dir='ltr'><strong><em>νύμφαις</em></strong></span> <span class='ocrx_word' id='word_1_60' title='bbox 909 1123 1067 1204; x_wconf 78' lang='grc' dir='ltr'><strong><em>ιιρηνιᾶσιν</em></strong></span> <span class='ocrx_word' id='word_1_61' title='bbox 1090 1117 1265 1204; x_wconf 56' lang='grc' dir='ltr'><strong>κνὸραῖσι)</strong></span> <span class='ocrx_word' id='word_1_62' title='bbox 1288 1128 1393 1184; x_wconf 78' lang='grc' dir='ltr'><strong><em>θεαῖσιν</em></strong></span> 
     </span>
     <span class='ocr_line' id='line_1_9' title="bbox 234 1232 1395 1320; baseline 0 -24"><span class='ocrx_word' id='word_1_63' title='bbox 234 1235 340 1317; x_wconf 74' lang='grc' dir='ltr'><em>ἀγείρω</em></span> <span class='ocrx_word' id='word_1_64' title='bbox 362 1232 499 1320; x_wconf 82' lang='grc' dir='ltr'><strong><em>)Ἰνοληον</em></strong></span> <span class='ocrx_word' id='word_1_65' title='bbox 519 1242 577 1297; x_wconf 86' lang='grc' dir='ltr'><strong><em>ιιιλ.</em></strong></span> <span class='ocrx_word' id='word_1_66' title='bbox 598 1239 834 1299; x_wconf 85' lang='lat' dir='ltr'><strong>Herwerdenus</strong></span> <span class='ocrx_word' id='word_1_67' title='bbox 854 1238 929 1316; x_wconf 87' lang='lat' dir='ltr'><strong>(Mn.</strong></span> <span class='ocrx_word' id='word_1_68' title='bbox 953 1236 1050 1316; x_wconf 87' lang='grc'>1883)</span> <span class='ocrx_word' id='word_1_69' title='bbox 1071 1239 1109 1300; x_wconf 90' lang='lat' dir='ltr'><strong>ci.</strong></span> <span class='ocrx_word' id='word_1_70' title='bbox 1125 1236 1286 1316; x_wconf 80' lang='grc' dir='ltr'><strong><em>βιοδώρον,</em></strong></span> <span class='ocrx_word' id='word_1_71' title='bbox 1298 1252 1395 1311; x_wconf 85' lang='lat' dir='ltr'><strong>quam-</strong></span> 
     </span>
     <span class='ocr_line' id='line_1_10' title="bbox 234 1349 1397 1430; baseline -0.001 -20"><span class='ocrx_word' id='word_1_72' title='bbox 234 1366 332 1424; x_wconf 85' lang='lat' dir='ltr'><strong>quam</strong></span> <span class='ocrx_word' id='word_1_73' title='bbox 353 1353 386 1412; x_wconf 92' lang='lat' dir='ltr'><strong>et</strong></span> <span class='ocrx_word' id='word_1_74' title='bbox 404 1352 597 1413; x_wconf 75' lang='lat' dir='ltr'><strong>scholiastes</strong></span> <span class='ocrx_word' id='word_1_75' title='bbox 612 1353 838 1426; x_wconf 81' lang='lat' dir='ltr'><strong>Aristophanis</strong></span> <span class='ocrx_word' id='word_1_76' title='bbox 850 1353 890 1412; x_wconf 89' lang='lat' dir='ltr'><strong>ad</strong></span> <span class='ocrx_word' id='word_1_77' title='bbox 903 1353 983 1413; x_wconf 80' lang='lat' dir='ltr'><strong>Rari.</strong></span> <span class='ocrx_word' id='word_1_78' title='bbox 1000 1352 1084 1412; x_wconf 83' lang='lat'>1344</span> <span class='ocrx_word' id='word_1_79' title='bbox 1096 1349 1256 1430; x_wconf 76' lang='grc' dir='ltr'><strong><em>βιοδώροις</em></strong></span> <span class='ocrx_word' id='word_1_80' title='bbox 1266 1350 1397 1411; x_wconf 87' lang='lat' dir='ltr'><strong>exhibet.</strong></span> 
     </span>
     <span class='ocr_line' id='line_1_11' title="bbox 234 1461 1401 1543; baseline -0.002 -18"><span class='ocrx_word' id='word_1_81' title='bbox 234 1466 334 1526; x_wconf 87' lang='lat' dir='ltr'><strong>Paulo</strong></span> <span class='ocrx_word' id='word_1_82' title='bbox 357 1467 433 1526; x_wconf 82' lang='lat' dir='ltr'><strong>ante</strong></span> <span class='ocrx_word' id='word_1_83' title='bbox 456 1467 628 1540; x_wconf 82' lang='lat' dir='ltr'><strong>legendum</strong></span> <span class='ocrx_word' id='word_1_84' title='bbox 648 1482 764 1527; x_wconf 92' lang='lat' dir='ltr'><strong>censeo</strong></span> <span class='ocrx_word' id='word_1_85' title='bbox 784 1463 986 1543; x_wconf 75' lang='grc' dir='ltr'><strong><em>ἠλλοιωμένην</em></strong></span> <span class='ocrx_word' id='word_1_86' title='bbox 1005 1465 1047 1536; x_wconf 82' lang='grc' dir='ltr'><strong>εἰς</strong></span> <span class='ocrx_word' id='word_1_87' title='bbox 1067 1462 1177 1543; x_wconf 77' lang='grc' dir='ltr'><strong><em>ἱέρειαν</em></strong></span> <span class='ocrx_word' id='word_1_88' title='bbox 1195 1480 1253 1541; x_wconf 87' lang='lat' dir='ltr'><strong>pro</strong></span> <span class='ocrx_word' id='word_1_89' title='bbox 1272 1461 1301 1542; x_wconf 92' lang='grc' dir='ltr'><strong>ἠ.</strong></span> <span class='ocrx_word' id='word_1_90' title='bbox 1321 1461 1359 1536; x_wconf 80' lang='grc' dir='ltr'><strong>ὡς</strong></span> <span class='ocrx_word' id='word_1_91' title='bbox 1376 1463 1401 1539; x_wconf 85' lang='lat' dir='ltr'><strong>i,</strong></span> 
     </span>
     <span class='ocr_line' id='line_1_12' title="bbox 234 1575 1401 1658; baseline -0.002 -19"><span class='ocrx_word' id='word_1_92' title='bbox 234 1595 334 1653; x_wconf 90' lang='lat' dir='ltr'><strong>quum</strong></span> <span class='ocrx_word' id='word_1_93' title='bbox 356 1580 390 1639; x_wconf 92' lang='lat' dir='ltr'><strong>in</strong></span> <span class='ocrx_word' id='word_1_94' title='bbox 415 1580 547 1652; x_wconf 80' lang='lat' dir='ltr'><strong>vulgata</strong></span> <span class='ocrx_word' id='word_1_95' title='bbox 569 1580 706 1641; x_wconf 90' lang='lat' dir='ltr'><strong>lectione</strong></span> <span class='ocrx_word' id='word_1_96' title='bbox 720 1575 820 1658; x_wconf 80' lang='grc' dir='ltr'><strong><em>Ἥραν</em></strong></span> <span class='ocrx_word' id='word_1_97' title='bbox 843 1576 888 1656; x_wconf 93' lang='grc' dir='ltr'><strong>ἠλ.</strong></span> <span class='ocrx_word' id='word_1_98' title='bbox 908 1575 948 1650; x_wconf 80' lang='grc' dir='ltr'><strong>ὡς</strong></span> <span class='ocrx_word' id='word_1_99' title='bbox 968 1595 1032 1640; x_wconf 86' lang='lat' dir='ltr'><strong>vox</strong></span> <span class='ocrx_word' id='word_1_100' title='bbox 1052 1575 1255 1656; x_wconf 74' lang='grc' dir='ltr'><strong><em>ἠλλοιωμένην</em></strong></span> <span class='ocrx_word' id='word_1_101' title='bbox 1275 1593 1401 1653; x_wconf 89' lang='lat' dir='ltr'><strong>prorsus</strong></span> 
     </span>
     <span class='ocr_line' id='line_1_13' title="bbox 234 1687 1401 1770; baseline -0.003 -18"><span class='ocrx_word' id='word_1_102' title='bbox 234 1693 384 1753; x_wconf 88' lang='lat' dir='ltr'><strong>abundet.</strong></span> <span class='ocrx_word' id='word_1_103' title='bbox 416 1694 568 1754; x_wconf 78' lang='lat' dir='ltr'><strong>Fortasse</strong></span> <span class='ocrx_word' id='word_1_104' title='bbox 599 1694 732 1767; x_wconf 83' lang='lat' dir='ltr'><strong>vulgata</strong></span> <span class='ocrx_word' id='word_1_105' title='bbox 758 1693 917 1754; x_wconf 89' lang='lat' dir='ltr'><strong>servanda</strong></span> <span class='ocrx_word' id='word_1_106' title='bbox 941 1695 992 1754; x_wconf 91' lang='lat' dir='ltr'><strong>est</strong></span> <span class='ocrx_word' id='word_1_107' title='bbox 1013 1693 1180 1767; x_wconf 89' lang='lat' dir='ltr'><strong>participio</strong></span> <span class='ocrx_word' id='word_1_108' title='bbox 1204 1687 1401 1770; x_wconf 76' lang='grc' dir='ltr'><strong><em>ἠλλοιωμένην</em></strong></span> 
     </span>
    </p>

    <p class='ocr_par' dir='ltr' id='par_1_3' title="bbox 184 1797 1404 2789">
     <span class='ocr_line' id='line_1_14' title="bbox 184 1797 1403 1889; baseline -0.001 -24"><span class='ocrx_word' id='word_1_109' title='bbox 184 1800 349 1866; x_wconf 77' lang='grc' dir='ltr'><strong><em>Εᾶολολο.</em></strong></span> <span class='ocrx_word' id='word_1_110' title='bbox 381 1797 402 1889; x_wconf 86' lang='grc' dir='ltr'><strong>ΙΙ</strong></span> <span class='ocrx_word' id='word_1_111' title='bbox 433 1807 532 1885; x_wconf 80' lang='lat' dir='ltr'><strong>Recte</strong></span> <span class='ocrx_word' id='word_1_112' title='bbox 567 1806 706 1868; x_wconf 83' lang='lat' dir='ltr'><strong>Oobetus</strong></span> <span class='ocrx_word' id='word_1_113' title='bbox 741 1803 831 1884; x_wconf 86' lang='lat' dir='ltr'><strong>(nota</strong></span> <span class='ocrx_word' id='word_1_114' title='bbox 862 1804 936 1883; x_wconf 84' lang='lat' dir='ltr'><strong>ms.)</strong></span> <span class='ocrx_word' id='word_1_115' title='bbox 968 1806 1109 1867; x_wconf 87' lang='lat' dir='ltr'><strong>correxit</strong></span> <span class='ocrx_word' id='word_1_116' title='bbox 1139 1801 1323 1882; x_wconf 73' lang='grc' dir='ltr'><strong><em>ψευδέσθων</em></strong></span> <span class='ocrx_word' id='word_1_117' title='bbox 1351 1818 1403 1879; x_wconf 89' lang='lat' dir='ltr'><strong>pro</strong></span> 
     </span>
     <span class='ocr_line' id='line_1_15' title="bbox 232 1917 1403 2009; baseline -0.001 -31"><span class='ocrx_word' id='word_1_118' title='bbox 232 1917 460 1996; x_wconf 79' lang='grc' dir='ltr'><strong><em>ψοοοέοθωσον.</em></strong></span> <span class='ocrx_word' id='word_1_119' title='bbox 481 1921 584 2009; x_wconf 81' lang='lat' dir='ltr'><strong>Quam</strong></span> <span class='ocrx_word' id='word_1_120' title='bbox 601 1920 751 1981; x_wconf 87' lang='lat' dir='ltr'><strong>insolitae</strong></span> <span class='ocrx_word' id='word_1_121' title='bbox 765 1920 930 1982; x_wconf 77' lang='lat' dir='ltr'><strong>Graeculis</strong></span> <span class='ocrx_word' id='word_1_122' title='bbox 943 1920 1070 1980; x_wconf 86' lang='lat' dir='ltr'><strong>Atticae</strong></span> <span class='ocrx_word' id='word_1_123' title='bbox 1086 1920 1210 1980; x_wconf 84' lang='lat' dir='ltr'><strong>formae</strong></span> <span class='ocrx_word' id='word_1_124' title='bbox 1222 1917 1403 1994; x_wconf 85' lang='lat' dir='ltr'><strong>imperativi</strong></span> 
     </span>
     <span class='ocr_line' id='line_1_16' title="bbox 233 2030 1403 2109; baseline -0.001 -16"><span class='ocrx_word' id='word_1_125' title='bbox 233 2035 352 2106; x_wconf 84' lang='lat' dir='ltr'><strong>essent,</strong></span> <span class='ocrx_word' id='word_1_126' title='bbox 384 2032 564 2096; x_wconf 89' lang='lat' dir='ltr'><strong>luculenter</strong></span> <span class='ocrx_word' id='word_1_127' title='bbox 594 2036 737 2095; x_wconf 88' lang='lat' dir='ltr'><strong>ostendit</strong></span> <span class='ocrx_word' id='word_1_128' title='bbox 767 2035 910 2095; x_wconf 91' lang='lat' dir='ltr'><strong>scholion</strong></span> <span class='ocrx_word' id='word_1_129' title='bbox 941 2035 982 2094; x_wconf 84' lang='lat' dir='ltr'><strong>ad</strong></span> <span class='ocrx_word' id='word_1_130' title='bbox 1013 2048 1152 2107; x_wconf 90' lang='lat' dir='ltr'><strong>sequens</strong></span> <span class='ocrx_word' id='word_1_131' title='bbox 1180 2048 1249 2096; x_wconf 88' lang='lat' dir='ltr'><strong>voc.</strong></span> <span class='ocrx_word' id='word_1_132' title='bbox 1274 2030 1403 2109; x_wconf 77' lang='grc' dir='ltr'><strong><em>ἐκδειμα-</em></strong></span> 
     </span>
     <span class='ocr_line' id='line_1_17' title="bbox 231 2144 1402 2224; baseline -0.001 -17"><span class='ocrx_word' id='word_1_133' title='bbox 231 2147 380 2208; x_wconf 73' lang='grc' dir='ltr'><strong><em>τούντωντ</em></strong></span> <span class='ocrx_word' id='word_1_134' title='bbox 401 2144 468 2206; x_wconf 74' lang='grc' dir='ltr'><strong><em>ἀντὶ</em></strong></span> <span class='ocrx_word' id='word_1_135' title='bbox 486 2155 539 2207; x_wconf 82' lang='grc' dir='ltr'><strong><em>τοῦ</em></strong></span> <span class='ocrx_word' id='word_1_136' title='bbox 560 2144 840 2224; x_wconf 79' lang='grc' dir='ltr'><strong><em>ἕκδειματούτοοσαν,</em></strong></span> <span class='ocrx_word' id='word_1_137' title='bbox 853 2148 1051 2206; x_wconf 63' lang='lat' dir='ltr'><strong>Arrium.</strong></span> <span class='ocrx_word' id='word_1_138' title='bbox 1068 2148 1110 2207; x_wconf 89' lang='lat' dir='ltr'><strong>Hi</strong></span> <span class='ocrx_word' id='word_1_139' title='bbox 1122 2147 1221 2221; x_wconf 78' lang='lat' dir='ltr'><strong>igitur</strong></span> <span class='ocrx_word' id='word_1_140' title='bbox 1237 2147 1300 2209; x_wconf 83' lang='lat' dir='ltr'><strong>viri</strong></span> <span class='ocrx_word' id='word_1_141' title='bbox 1312 2145 1402 2221; x_wconf 77' lang='lat' dir='ltr'><strong>docti,</strong></span> 
     </span>
     <span class='ocr_line' id='line_1_18' title="bbox 234 2255 1404 2342; baseline 0 -22"><span class='ocrx_word' id='word_1_142' title='bbox 234 2260 289 2334; x_wconf 86' lang='lat' dir='ltr'><strong>qui</strong></span> <span class='ocrx_word' id='word_1_143' title='bbox 308 2255 438 2318; x_wconf 68' lang='grc' dir='ltr'><strong><em>ἔστωσαν</em></strong></span> <span class='ocrx_word' id='word_1_144' title='bbox 454 2257 536 2337; x_wconf 80' lang='lat'><strong>(352</strong></span> <span class='ocrx_word' id='word_1_145' title='bbox 550 2261 588 2321; x_wconf 86' lang='lat' dir='ltr'><strong>A.</strong></span> <span class='ocrx_word' id='word_1_146' title='bbox 607 2263 673 2322; x_wconf 78' lang='lat'><strong>354</strong></span> <span class='ocrx_word' id='word_1_147' title='bbox 686 2258 738 2337; x_wconf 81' lang='lat' dir='ltr'><strong>A),</strong></span> <span class='ocrx_word' id='word_1_148' title='bbox 758 2257 978 2337; x_wconf 74' lang='grc' dir='ltr'><strong><em>ψενδὲσθωσαν</em></strong></span> <span class='ocrx_word' id='word_1_149' title='bbox 997 2255 1073 2342; x_wconf 84' lang='grc'><strong>(381</strong></span> <span class='ocrx_word' id='word_1_150' title='bbox 1087 2258 1124 2338; x_wconf 81' lang='grc' dir='ltr'><strong>Ε)</strong></span> <span class='ocrx_word' id='word_1_151' title='bbox 1141 2296 1170 2305; x_wconf 91' lang='grc'>-</span> <span class='ocrx_word' id='word_1_152' title='bbox 1185 2261 1404 2322; x_wconf 75' lang='lat' dir='ltr'><strong>Macedonicas</strong></span> 
     </span>
     <span class='ocr_line' id='line_1_19' title="bbox 233 2373 1403 2450; baseline 0.001 -18"><span class='ocrx_word' id='word_1_153' title='bbox 233 2373 356 2433; x_wconf 81' lang='lat' dir='ltr'><strong>formas</strong></span> <span class='ocrx_word' id='word_1_154' title='bbox 388 2407 427 2416; x_wconf 97' lang='lat'>-</span> <span class='ocrx_word' id='word_1_155' title='bbox 461 2380 604 2450; x_wconf 89' lang='lat' dir='ltr'><strong>servant,</strong></span> <span class='ocrx_word' id='word_1_156' title='bbox 640 2376 738 2435; x_wconf 90' lang='lat' dir='ltr'><strong>tacite</strong></span> <span class='ocrx_word' id='word_1_157' title='bbox 772 2374 964 2449; x_wconf 87' lang='lat' dir='ltr'><strong>profitentur</strong></span> <span class='ocrx_word' id='word_1_158' title='bbox 998 2375 1167 2435; x_wconf 89' lang='lat' dir='ltr'><strong>Platonem</strong></span> <span class='ocrx_word' id='word_1_159' title='bbox 1201 2389 1266 2435; x_wconf 91' lang='lat' dir='ltr'><strong>non</strong></span> <span class='ocrx_word' id='word_1_160' title='bbox 1300 2373 1403 2434; x_wconf 84' lang='lat' dir='ltr'><strong>Attice</strong></span> 
     </span>
     <span class='ocr_line' id='line_1_20' title="bbox 233 2483 1401 2564; baseline -0.001 -18"><span class='ocrx_word' id='word_1_161' title='bbox 233 2487 412 2561; x_wconf 88' lang='lat' dir='ltr'><strong>scripsisse.</strong></span> <span class='ocrx_word' id='word_1_162' title='bbox 450 2487 678 2561; x_wconf 78' lang='lat' dir='ltr'><strong>corrigendum</strong></span> <span class='ocrx_word' id='word_1_163' title='bbox 710 2491 788 2563; x_wconf 90' lang='lat' dir='ltr'><strong>puto</strong></span> <span class='ocrx_word' id='word_1_164' title='bbox 818 2487 847 2546; x_wconf 84' lang='grc' dir='ltr'><strong>τί</strong></span> <span class='ocrx_word' id='word_1_165' title='bbox 873 2486 938 2560; x_wconf 69' lang='lat' dir='ltr'><strong>doh</strong></span> <span class='ocrx_word' id='word_1_166' title='bbox 969 2485 1054 2564; x_wconf 87' lang='lat' dir='ltr'><strong>(vide</strong></span> <span class='ocrx_word' id='word_1_167' title='bbox 1086 2488 1171 2548; x_wconf 87' lang='lat' dir='ltr'><strong>dicte</strong></span> <span class='ocrx_word' id='word_1_168' title='bbox 1202 2488 1243 2547; x_wconf 87' lang='lat' dir='ltr'><strong>ad</strong></span> <span class='ocrx_word' id='word_1_169' title='bbox 1276 2483 1401 2562; x_wconf 78' lang='grc' dir='ltr'>343Α),</span> 
     </span>
     <span class='ocr_line' id='line_1_21' title="bbox 232 2600 1403 2675; baseline 0 -15"><span class='ocrx_word' id='word_1_170' title='bbox 232 2615 333 2673; x_wconf 92' lang='lat' dir='ltr'><strong>quum</strong></span> <span class='ocrx_word' id='word_1_171' title='bbox 365 2600 542 2662; x_wconf 87' lang='lat' dir='ltr'><strong>verisimile</strong></span> <span class='ocrx_word' id='word_1_172' title='bbox 573 2602 617 2662; x_wconf 92' lang='lat' dir='ltr'><strong>sit</strong></span> <span class='ocrx_word' id='word_1_173' title='bbox 648 2602 814 2662; x_wconf 86' lang='lat' dir='ltr'><strong>Socratem</strong></span> <span class='ocrx_word' id='word_1_174' title='bbox 843 2601 1011 2662; x_wconf 89' lang='lat' dir='ltr'><strong>Adimanti</strong></span> <span class='ocrx_word' id='word_1_175' title='bbox 1041 2614 1233 2675; x_wconf 88' lang='lat' dir='ltr'><strong>responsum</strong></span> <span class='ocrx_word' id='word_1_176' title='bbox 1265 2600 1403 2674; x_wconf 84' lang='lat' dir='ltr'><strong>aliquan·</strong></span> 
     </span>
     <span class='ocr_line' id='line_1_22' title="bbox 231 2715 928 2789; baseline 0.004 -15"><span class='ocrx_word' id='word_1_177' title='bbox 231 2715 338 2775; x_wconf 91' lang='lat' dir='ltr'><strong>tulum</strong></span> <span class='ocrx_word' id='word_1_178' title='bbox 362 2715 518 2774; x_wconf 86' lang='lat' dir='ltr'><strong>miratum</strong></span> <span class='ocrx_word' id='word_1_179' title='bbox 542 2731 624 2776; x_wconf 89' lang='lat' dir='ltr'><strong>esse.</strong></span> <span class='ocrx_word' id='word_1_180' title='bbox 926 2785 928 2789; x_wconf 38' lang='grc'>,</span> 
     </span>
    </p>

    <p class='ocr_par' dir='ltr' id='par_1_4' title="bbox 88 2819 1447 3473">
     <span class='ocr_line' id='line_1_23' title="bbox 88 2819 1447 2906; baseline -0.005 -18"><span class='ocrx_word' id='word_1_181' title='bbox 88 2827 151 2889; x_wconf 80' lang='grc'><strong>382</strong></span> <span class='ocrx_word' id='word_1_182' title='bbox 179 2827 208 2890; x_wconf 91' lang='grc' dir='ltr'><em>Β</em></span> <span class='ocrx_word' id='word_1_183' title='bbox 276 2828 348 2888; x_wconf 81' lang='lat' dir='ltr'><strong>Par.</strong></span> <span class='ocrx_word' id='word_1_184' title='bbox 380 2819 511 2889; x_wconf 87' lang='lat' dir='ltr'><strong>A10m.</strong></span> <span class='ocrx_word' id='word_1_185' title='bbox 544 2831 671 2903; x_wconf 90' lang='lat' dir='ltr'><strong>propter</strong></span> <span class='ocrx_word' id='word_1_186' title='bbox 691 2829 884 2889; x_wconf 89' lang='lat' dir='ltr'><strong>homoeotel.</strong></span> <span class='ocrx_word' id='word_1_187' title='bbox 910 2830 1007 2889; x_wconf 88' lang='lat' dir='ltr'><strong>verba</strong></span> <span class='ocrx_word' id='word_1_188' title='bbox 1033 2826 1083 2887; x_wconf 83' lang='grc' dir='ltr'><strong><em>ναὶ</em></strong></span> <span class='ocrx_word' id='word_1_189' title='bbox 1106 2825 1256 2904; x_wconf 80' lang='grc' dir='ltr'><strong><em>ἐψεῦσθαι</em></strong></span> <span class='ocrx_word' id='word_1_190' title='bbox 1279 2825 1406 2906; x_wconf 85' lang='lat' dir='ltr'><strong>(eadem</strong></span> <span class='ocrx_word' id='word_1_191' title='bbox 1422 2873 1447 2881; x_wconf 72' lang='grc'><strong><em>,</em></strong></span> 
     </span>
     <span class='ocr_line' id='line_1_24' title="bbox 233 2918 1447 3020; baseline 0.001 -20"><span class='ocrx_word' id='word_1_192' title='bbox 233 2957 276 3001; x_wconf 91' lang='lat' dir='ltr'><strong>m.</strong></span> <span class='ocrx_word' id='word_1_193' title='bbox 301 2939 396 3020; x_wconf 83' lang='lat' dir='ltr'><strong>add).</strong></span> <span class='ocrx_word' id='word_1_194' title='bbox 422 2976 461 2985; x_wconf 91' lang='lat'><em>-</em></span> <span class='ocrx_word' id='word_1_195' title='bbox 483 2940 560 3002; x_wconf 89' lang='lat' dir='ltr'><strong>Dele</strong></span> <span class='ocrx_word' id='word_1_196' title='bbox 583 2918 809 3002; x_wconf 81' lang='lat' dir='ltr'><strong>foedissimum</strong></span> <span class='ocrx_word' id='word_1_197' title='bbox 833 2941 996 3002; x_wconf 89' lang='lat' dir='ltr'><strong>emblema</strong></span> <span class='ocrx_word' id='word_1_198' title='bbox 1019 2938 1068 3001; x_wconf 75' lang='grc' dir='ltr'><strong>να)</strong></span> <span class='ocrx_word' id='word_1_199' title='bbox 1090 2939 1197 3018; x_wconf 81' lang='grc' dir='ltr'><strong><em>ἀμοθή</em></strong></span> <span class='ocrx_word' id='word_1_200' title='bbox 1223 2934 1310 3019; x_wconf 79' lang='grc' dir='ltr'><strong><em>εἶναι,</em></strong></span> <span class='ocrx_word' id='word_1_201' title='bbox 1332 2940 1447 3015; x_wconf 85' lang='lat' dir='ltr'><strong>quia-</strong></span> 
     </span>
     <span class='ocr_line' id='line_1_25' title="bbox 232 3048 1447 3134; baseline -0.002 -20"><span class='ocrx_word' id='word_1_202' title='bbox 232 3055 265 3114; x_wconf 92' lang='lat' dir='ltr'><strong>in</strong></span> <span class='ocrx_word' id='word_1_203' title='bbox 295 3055 505 3128; x_wconf 86' lang='lat' dir='ltr'><strong>sequentibus</strong></span> <span class='ocrx_word' id='word_1_204' title='bbox 540 3051 625 3132; x_wconf 82' lang='grc' dir='ltr'><strong><em>(ἀλλὰ</em></strong></span> <span class='ocrx_word' id='word_1_205' title='bbox 649 3053 708 3131; x_wconf 90' lang='grc' dir='ltr'><strong><em>μήν</em></strong></span> <span class='ocrx_word' id='word_1_206' title='bbox 731 3051 879 3132; x_wconf 73' lang='grc' dir='ltr'><strong><em>ὀρθότατά</em></strong></span> <span class='ocrx_word' id='word_1_207' title='bbox 902 3048 925 3134; x_wconf 81' lang='grc' dir='ltr'><strong><em>μ’</em></strong></span> <span class='ocrx_word' id='word_1_208' title='bbox 955 3051 994 3112; x_wconf 76' lang='grc' dir='ltr'><strong><em>ἠν</em></strong></span> <span class='ocrx_word' id='word_1_209' title='bbox 1007 3101 1013 3113; x_wconf 91' lang='grc'><strong>.</strong></span> <span class='ocrx_word' id='word_1_210' title='bbox 1028 3100 1033 3112; x_wconf 94' lang='grc'><strong>.</strong></span> <span class='ocrx_word' id='word_1_211' title='bbox 1047 3098 1073 3113; x_wconf 88' lang='grc'><strong>..</strong></span> <span class='ocrx_word' id='word_1_212' title='bbox 1104 3062 1190 3114; x_wconf 80' lang='grc' dir='ltr'><strong><em>τοῦτο</em></strong></span> <span class='ocrx_word' id='word_1_213' title='bbox 1221 3051 1261 3125; x_wconf 83' lang='grc' dir='ltr'><strong>ὡς</strong></span> <span class='ocrx_word' id='word_1_214' title='bbox 1285 3050 1447 3131; x_wconf 78' lang='grc' dir='ltr'><strong>ἀληθῶς-</strong></span> 
     </span>
     <span class='ocr_line' id='line_1_26' title="bbox 232 3163 1447 3252; baseline -0.002 -24"><span class='ocrx_word' id='word_1_215' title='bbox 232 3168 345 3245; x_wconf 78' lang='grc' dir='ltr'><strong><em>ψεῦδος</em></strong></span> <span class='ocrx_word' id='word_1_216' title='bbox 374 3172 491 3228; x_wconf 84' lang='grc' dir='ltr'><strong><em>καλοῖτο</em></strong></span> <span class='ocrx_word' id='word_1_217' title='bbox 521 3163 540 3245; x_wconf 80' lang='grc' dir='ltr'><strong>ν)</strong></span> <span class='ocrx_word' id='word_1_218' title='bbox 573 3165 604 3227; x_wconf 76' lang='grc' dir='ltr'><strong><em>ἐν</em></strong></span> <span class='ocrx_word' id='word_1_219' title='bbox 627 3176 662 3252; x_wconf 72' lang='grc' dir='ltr'><strong>τῇ</strong></span> <span class='ocrx_word' id='word_1_220' title='bbox 685 3176 768 3250; x_wconf 75' lang='grc' dir='ltr'><strong><em>ψυχῇ</em></strong></span> <span class='ocrx_word' id='word_1_221' title='bbox 791 3164 917 3248; x_wconf 74' lang='grc' dir='ltr'><strong><em>ἄγνοια)</em></strong></span> <span class='ocrx_word' id='word_1_222' title='bbox 933 3169 1067 3229; x_wconf 84' lang='lat' dir='ltr'><strong>demum</strong></span> <span class='ocrx_word' id='word_1_223' title='bbox 1091 3167 1169 3229; x_wconf 88' lang='lat' dir='ltr'><strong>illud</strong></span> <span class='ocrx_word' id='word_1_224' title='bbox 1196 3166 1311 3243; x_wconf 80' lang='grc' dir='ltr'><strong><em>ψεῦδος</em></strong></span> <span class='ocrx_word' id='word_1_225' title='bbox 1333 3165 1447 3228; x_wconf 41' lang='lat' dir='ltr'><strong>deii*</strong></span> 
     </span>
     <span class='ocr_line' id='line_1_27' title="bbox 232 3279 1447 3357; baseline -0.002 -15"><span class='ocrx_word' id='word_1_226' title='bbox 232 3282 328 3343; x_wconf 89' lang='lat' dir='ltr'><strong>nitur.</strong></span> <span class='ocrx_word' id='word_1_227' title='bbox 354 3282 387 3343; x_wconf 81' lang='lat' dir='ltr'><strong>Si</strong></span> <span class='ocrx_word' id='word_1_228' title='bbox 411 3281 509 3342; x_wconf 87' lang='lat' dir='ltr'><strong>verba</strong></span> <span class='ocrx_word' id='word_1_229' title='bbox 531 3282 587 3342; x_wconf 88' lang='lat' dir='ltr'><strong>illa</strong></span> <span class='ocrx_word' id='word_1_230' title='bbox 606 3282 745 3355; x_wconf 81' lang='lat' dir='ltr'><strong>genuina</strong></span> <span class='ocrx_word' id='word_1_231' title='bbox 765 3283 885 3357; x_wconf 89' lang='lat' dir='ltr'><strong>esseut,</strong></span> <span class='ocrx_word' id='word_1_232' title='bbox 906 3281 976 3342; x_wconf 89' lang='lat' dir='ltr'><strong>sine</strong></span> <span class='ocrx_word' id='word_1_233' title='bbox 995 3281 1090 3341; x_wconf 88' lang='lat' dir='ltr'><strong>dubio</strong></span> <span class='ocrx_word' id='word_1_234' title='bbox 1110 3281 1203 3341; x_wconf 86' lang='lat' dir='ltr'><strong>Plato</strong></span> <span class='ocrx_word' id='word_1_235' title='bbox 1222 3279 1447 3355; x_wconf 72' lang='lat' dir='ltr'><strong>scripsisset:</strong></span> 
     </span>
     <span class='ocr_line' id='line_1_28' title="bbox 233 3389 1447 3473; baseline -0.002 -19"><span class='ocrx_word' id='word_1_236' title='bbox 233 3393 308 3473; x_wconf 77' lang='grc' dir='ltr'><strong><em>ἔχειν</em></strong></span> <span class='ocrx_word' id='word_1_237' title='bbox 338 3417 361 3455; x_wconf 93' lang='grc' dir='ltr'><strong>τ.</strong></span> <span class='ocrx_word' id='word_1_238' title='bbox 392 3416 418 3453; x_wconf 87' lang='grc' dir='ltr'><strong>ιι.</strong></span> <span class='ocrx_word' id='word_1_239' title='bbox 449 3399 611 3471; x_wconf 77' lang='grc' dir='ltr'><strong><em>κεκτῆσθαι</em></strong></span> <span class='ocrx_word' id='word_1_240' title='bbox 641 3392 673 3454; x_wconf 85' lang='grc' dir='ltr'><strong>τὸ</strong></span> <span class='ocrx_word' id='word_1_241' title='bbox 696 3393 810 3471; x_wconf 78' lang='grc' dir='ltr'><strong><em>ψεῦδος</em></strong></span> <span class='ocrx_word' id='word_1_242' title='bbox 833 3390 884 3453; x_wconf 78' lang='grc' dir='ltr'><strong>καὶ</strong></span> <span class='ocrx_word' id='word_1_243' title='bbox 905 3391 960 3470; x_wconf 79' lang='grc' dir='ltr'><strong><em>τήν</em></strong></span> <span class='ocrx_word' id='word_1_244' title='bbox 983 3390 1119 3470; x_wconf 82' lang='grc' dir='ltr'><strong><em>ἀμαθίαν</em></strong></span> <span class='ocrx_word' id='word_1_245' title='bbox 1142 3395 1176 3454; x_wconf 69' lang='grc' dir='ltr'><strong>θ)</strong></span> <span class='ocrx_word' id='word_1_246' title='bbox 1198 3389 1328 3470; x_wconf 75' lang='grc' dir='ltr'><strong><em>ἀμαθεῖς</em></strong></span> <span class='ocrx_word' id='word_1_247' title='bbox 1351 3406 1447 3468; x_wconf 59' lang='grc' dir='ltr'><strong>ραν</strong></span> 
     </span>
    </p>
   </div>
   <div class='ocr_carea' id='block_1_3' title="bbox 161 3505 1447 4264">
    <p class='ocr_par' dir='ltr' id='par_1_5' title="bbox 161 3505 1447 4264">
     <span class='ocr_line' id='line_1_29' title="bbox 233 3505 1447 3587; baseline 0.001 -21"><span class='ocrx_word' id='word_1_248' title='bbox 233 3505 348 3587; x_wconf 78' lang='grc' dir='ltr'><strong><em>ἀμαθῆ,</em></strong></span> <span class='ocrx_word' id='word_1_249' title='bbox 371 3510 457 3570; x_wconf 89' lang='lat' dir='ltr'><strong>sicut</strong></span> <span class='ocrx_word' id='word_1_250' title='bbox 478 3510 512 3569; x_wconf 93' lang='lat' dir='ltr'><strong>in</strong></span> <span class='ocrx_word' id='word_1_251' title='bbox 535 3507 555 3585; x_wconf 67' lang='grc' dir='ltr'>ἓ</span> <span class='ocrx_word' id='word_1_252' title='bbox 578 3510 607 3568; x_wconf 92' lang='lat' dir='ltr'><strong>A</strong></span> <span class='ocrx_word' id='word_1_253' title='bbox 631 3506 754 3587; x_wconf 81' lang='grc' dir='ltr'><strong><em>ἕοντῶν,</em></strong></span> <span class='ocrx_word' id='word_1_254' title='bbox 777 3524 841 3569; x_wconf 91' lang='lat' dir='ltr'><strong>non</strong></span> <span class='ocrx_word' id='word_1_255' title='bbox 864 3505 971 3568; x_wconf 72' lang='grc' dir='ltr'><strong><em>ἑαυτοῦ</em></strong></span> <span class='ocrx_word' id='word_1_256' title='bbox 993 3509 1131 3583; x_wconf 89' lang='lat' dir='ltr'><strong>scripsit.</strong></span> <span class='ocrx_word' id='word_1_257' title='bbox 1154 3542 1194 3552; x_wconf 91' lang='lat'>—</span> <span class='ocrx_word' id='word_1_258' title='bbox 1215 3507 1447 3568; x_wconf 68' lang='lat' dir='ltr'><strong>Dubitanter‘</strong></span> 
     </span>
     <span class='ocr_line' id='line_1_30' title="bbox 233 3603 1447 3705; baseline -0.002 -23"><span class='ocrx_word' id='word_1_259' title='bbox 233 3623 395 3684; x_wconf 82' lang='lat' dir='ltr'><strong>Herwerd.</strong></span> <span class='ocrx_word' id='word_1_260' title='bbox 433 3615 510 3705; x_wconf 87' lang='lat' dir='ltr'><strong>(Mn.</strong></span> <span class='ocrx_word' id='word_1_261' title='bbox 545 3620 642 3700; x_wconf 84' lang='lat'><strong>1883)</strong></span> <span class='ocrx_word' id='word_1_262' title='bbox 675 3603 716 3683; x_wconf 85' lang='lat' dir='ltr'><strong>ci.</strong></span> <span class='ocrx_word' id='word_1_263' title='bbox 746 3630 865 3699; x_wconf 84' lang='grc' dir='ltr'><strong><em>μισοῦσι</em></strong></span> <span class='ocrx_word' id='word_1_264' title='bbox 895 3621 1018 3699; x_wconf 80' lang='grc' dir='ltr'><strong><em>μάλιστα</em></strong></span> <span class='ocrx_word' id='word_1_265' title='bbox 1049 3619 1121 3681; x_wconf 78' lang='grc' dir='ltr'><strong><em>αὐτὸ</em></strong></span> <span class='ocrx_word' id='word_1_266' title='bbox 1151 3618 1187 3681; x_wconf 75' lang='grc' dir='ltr'><strong><em>ὃν</em></strong></span> <span class='ocrx_word' id='word_1_267' title='bbox 1210 3628 1327 3680; x_wconf 75' lang='grc' dir='ltr'><strong><em>τοιοῦτο</em></strong></span> <span class='ocrx_word' id='word_1_268' title='bbox 1352 3634 1447 3695; x_wconf 61' lang='lat' dir='ltr'><strong>pri?</strong></span> 
     </span>
     <span class='ocr_line' id='line_1_31' title="bbox 232 3732 1442 3819; baseline -0.001 -24"><span class='ocrx_word' id='word_1_269' title='bbox 232 3760 260 3814; x_wconf 93' lang='grc' dir='ltr'><strong><em>μ.</em></strong></span> <span class='ocrx_word' id='word_1_270' title='bbox 284 3760 313 3814; x_wconf 91' lang='grc' dir='ltr'><strong><em>μ.</em></strong></span> <span class='ocrx_word' id='word_1_271' title='bbox 337 3734 364 3795; x_wconf 75' lang='grc' dir='ltr'><strong><em>ολ.</em></strong></span> <span class='ocrx_word' id='word_1_272' title='bbox 388 3732 420 3795; x_wconf 79' lang='grc' dir='ltr'><strong><em>ἐν</em></strong></span> <span class='ocrx_word' id='word_1_273' title='bbox 443 3744 482 3818; x_wconf 76' lang='grc' dir='ltr'><strong>τῷ</strong></span> <span class='ocrx_word' id='word_1_274' title='bbox 506 3735 628 3819; x_wconf 80' lang='grc' dir='ltr'><strong><em>τοιούτῳ</em></strong></span> <span class='ocrx_word' id='word_1_275' title='bbox 653 3735 797 3810; x_wconf 78' lang='lat' dir='ltr'><strong>(damph.</strong></span> <span class='ocrx_word' id='word_1_276' title='bbox 826 3737 877 3811; x_wconf 89' lang='lat' dir='ltr'><strong>„in</strong></span> <span class='ocrx_word' id='word_1_277' title='bbox 901 3738 981 3797; x_wconf 90' lang='lat' dir='ltr'><strong>such</strong></span> <span class='ocrx_word' id='word_1_278' title='bbox 1005 3751 1024 3796; x_wconf 86' lang='lat' dir='ltr'><strong>a</strong></span> <span class='ocrx_word' id='word_1_279' title='bbox 1047 3733 1167 3814; x_wconf 87' lang='lat' dir='ltr'><strong>case”),</strong></span> <span class='ocrx_word' id='word_1_280' title='bbox 1191 3736 1248 3796; x_wconf 87' lang='lat' dir='ltr'><strong>sed</strong></span> <span class='ocrx_word' id='word_1_281' title='bbox 1272 3735 1442 3808; x_wconf 66' lang='lat' dir='ltr'><strong>vulgata,</strong></span> 
     </span>
     <span class='ocr_line' id='line_1_32' title="bbox 161 3838 1447 3932; baseline -0.002 -23"><span class='ocrx_word' id='word_1_282' title='bbox 161 3923 164 3928; x_wconf 32' lang='grc'><strong>,</strong></span> <span class='ocrx_word' id='word_1_283' title='bbox 232 3849 350 3910; x_wconf 90' lang='lat' dir='ltr'><strong>clarius</strong></span> <span class='ocrx_word' id='word_1_284' title='bbox 373 3847 517 3909; x_wconf 89' lang='lat' dir='ltr'><strong>Platonis</strong></span> <span class='ocrx_word' id='word_1_285' title='bbox 537 3851 682 3910; x_wconf 91' lang='lat' dir='ltr'><strong>mentem</strong></span> <span class='ocrx_word' id='word_1_286' title='bbox 703 3847 834 3926; x_wconf 81' lang='grc' dir='ltr'><strong><em>(μισοῦσι</em></strong></span> <span class='ocrx_word' id='word_1_287' title='bbox 854 3850 977 3928; x_wconf 82' lang='grc' dir='ltr'><strong><em>μάλιστα</em></strong></span> <span class='ocrx_word' id='word_1_288' title='bbox 996 3847 1069 3909; x_wconf 78' lang='grc' dir='ltr'><strong><em>αὐτὸ</em></strong></span> <span class='ocrx_word' id='word_1_289' title='bbox 1090 3848 1161 3908; x_wconf 83' lang='grc' dir='ltr'><strong><em>ὅταν</em></strong></span> <span class='ocrx_word' id='word_1_290' title='bbox 1180 3845 1212 3907; x_wconf 79' lang='grc' dir='ltr'><strong><em>ἐν</em></strong></span> <span class='ocrx_word' id='word_1_291' title='bbox 1231 3838 1447 3932; x_wconf 57' lang='grc' dir='ltr'><strong><em>τήμνηήἠ,</em></strong></span> 
     </span>
     <span class='ocr_line' id='line_1_33' title="bbox 231 3957 1447 4039; baseline -0.002 -16"><span class='ocrx_word' id='word_1_292' title='bbox 231 3977 330 4037; x_wconf 87' lang='lat' dir='ltr'><strong>quam</strong></span> <span class='ocrx_word' id='word_1_293' title='bbox 365 3963 589 4023; x_wconf 89' lang='lat' dir='ltr'><strong>Herwerdeni.</strong></span> <span class='ocrx_word' id='word_1_294' title='bbox 609 3973 641 4023; x_wconf 51' lang='grc' dir='ltr'><strong><em>οῦ</em></strong></span> <span class='ocrx_word' id='word_1_295' title='bbox 668 3964 780 4037; x_wconf 89' lang='lat' dir='ltr'><strong>aperit.</strong></span> <span class='ocrx_word' id='word_1_296' title='bbox 812 3999 854 4007; x_wconf 90' lang='lat'><em>-</em></span> <span class='ocrx_word' id='word_1_297' title='bbox 887 3965 960 4024; x_wconf 83' lang='lat' dir='ltr'><strong>Mox</strong></span> <span class='ocrx_word' id='word_1_298' title='bbox 991 3965 1061 4036; x_wconf 82' lang='lat' dir='ltr'><strong>lege</strong></span> <span class='ocrx_word' id='word_1_299' title='bbox 1091 3959 1188 4038; x_wconf 83' lang='grc' dir='ltr'><strong><em>νννιλή</em></strong></span> <span class='ocrx_word' id='word_1_300' title='bbox 1220 3961 1241 4022; x_wconf 93' lang='lat' dir='ltr'><strong>i.</strong></span> <span class='ocrx_word' id='word_1_301' title='bbox 1273 3977 1302 4022; x_wconf 89' lang='lat' dir='ltr'><strong>e.</strong></span> <span class='ocrx_word' id='word_1_302' title='bbox 1334 3957 1447 4039; x_wconf 63' lang='grc' dir='ltr'><strong><em>ἄρτι,</em></strong></span> 
     </span>
     <span class='ocr_line' id='line_1_34' title="bbox 232 4067 1441 4152; baseline -0.005 -15"><span class='ocrx_word' id='word_1_303' title='bbox 232 4092 332 4150; x_wconf 86' lang='lat' dir='ltr'><strong>quum</strong></span> <span class='ocrx_word' id='word_1_304' title='bbox 369 4077 518 4138; x_wconf 82' lang='lat' dir='ltr'><strong>Socrates</strong></span> <span class='ocrx_word' id='word_1_305' title='bbox 554 4092 601 4152; x_wconf 85' lang='lat' dir='ltr'><strong>ea,</strong></span> <span class='ocrx_word' id='word_1_306' title='bbox 637 4092 719 4150; x_wconf 87' lang='lat' dir='ltr'><strong>quae</strong></span> <span class='ocrx_word' id='word_1_307' title='bbox 751 4092 847 4150; x_wconf 85' lang='lat' dir='ltr'><strong>supra</strong></span> <span class='ocrx_word' id='word_1_308' title='bbox 878 4073 910 4150; x_wconf 60' lang='grc' dir='ltr'><strong>(ὅ</strong></span> <span class='ocrx_word' id='word_1_309' title='bbox 939 4076 968 4134; x_wconf 87' lang='grc' dir='ltr'><strong>Α</strong></span> <span class='ocrx_word' id='word_1_310' title='bbox 999 4076 1042 4134; x_wconf 92' lang='lat' dir='ltr'><strong>in.</strong></span> <span class='ocrx_word' id='word_1_311' title='bbox 1074 4071 1129 4133; x_wconf 79' lang='lat' dir='ltr'><strong>oda</strong></span> <span class='ocrx_word' id='word_1_312' title='bbox 1162 4067 1253 4133; x_wconf 76' lang='grc' dir='ltr'><strong><em>οἶσθα</em></strong></span> <span class='ocrx_word' id='word_1_313' title='bbox 1277 4071 1321 4133; x_wconf 82' lang='grc' dir='ltr'><strong>ὅτι</strong></span> <span class='ocrx_word' id='word_1_314' title='bbox 1345 4070 1441 4150; x_wconf 63' lang='grc' dir='ltr'><strong><em>κτλ)</em></strong></span> 
     </span>
     <span class='ocr_line' id='line_1_35' title="bbox 232 4181 1446 4264; baseline -0.003 -14"><span class='ocrx_word' id='word_1_315' title='bbox 232 4190 380 4264; x_wconf 85' lang='lat' dir='ltr'><strong>dixisset,</strong></span> <span class='ocrx_word' id='word_1_316' title='bbox 412 4189 573 4264; x_wconf 88' lang='lat' dir='ltr'><strong>respiciat.</strong></span> <span class='ocrx_word' id='word_1_317' title='bbox 606 4189 725 4249; x_wconf 88' lang='lat' dir='ltr'><strong>Deinde</strong></span> <span class='ocrx_word' id='word_1_318' title='bbox 755 4188 825 4248; x_wconf 88' lang='lat' dir='ltr'><strong>dele</strong></span> <span class='ocrx_word' id='word_1_319' title='bbox 856 4187 954 4247; x_wconf 86' lang='lat' dir='ltr'><strong>verba</strong></span> <span class='ocrx_word' id='word_1_320' title='bbox 984 4181 1003 4264; x_wconf 78' lang='grc' dir='ltr'><strong>ι)</strong></span> <span class='ocrx_word' id='word_1_321' title='bbox 1034 4193 1087 4246; x_wconf 80' lang='grc' dir='ltr'><strong><em>τοῦ</em></strong></span> <span class='ocrx_word' id='word_1_322' title='bbox 1109 4182 1309 4264; x_wconf 76' lang='grc' dir='ltr'><strong><em>ἐψευσμένον,</em></strong></span> <span class='ocrx_word' id='word_1_323' title='bbox 1329 4185 1446 4260; x_wconf 69' lang='lat' dir='ltr'><strong>quian-</strong></span> 
     </span>
    </p>
   </div>
   <div class='ocr_carea' id='block_1_4' title="bbox 264 4457 1377 4616">
    <p class='ocr_par' dir='ltr' id='par_1_6' title="bbox 264 4457 1377 4616">
     <span class='ocr_line' id='line_1_36' title="bbox 266 4457 566 4526; baseline -0.013 -16"><span class='ocrx_word' id='word_1_324' title='bbox 266 4457 286 4526; x_wconf 80' lang='grc'><strong>1)</strong></span> <span class='ocrx_word' id='word_1_325' title='bbox 304 4462 346 4510; x_wconf 80' lang='lat' dir='ltr'><strong>Sic</strong></span> <span class='ocrx_word' id='word_1_326' title='bbox 364 4464 390 4508; x_wconf 87' lang='lat' dir='ltr'><strong>et</strong></span> <span class='ocrx_word' id='word_1_327' title='bbox 407 4461 566 4508; x_wconf 81' lang='lat' dir='ltr'><strong>scholiastes.</strong></span> 
     </span>
     <span class='ocr_line' id='line_1_37' title="bbox 264 4522 1377 4616; baseline -0.009 -14"><span class='ocrx_word' id='word_1_328' title='bbox 264 4550 284 4614; x_wconf 69' lang='lat'><strong>²)</strong></span> <span class='ocrx_word' id='word_1_329' title='bbox 302 4554 414 4602; x_wconf 67' lang='lat' dir='ltr'><strong>(laesura</strong></span> <span class='ocrx_word' id='word_1_330' title='bbox 430 4553 529 4600; x_wconf 71' lang='lat' dir='ltr'><strong>vitiosa.</strong></span> <span class='ocrx_word' id='word_1_331' title='bbox 547 4553 613 4602; x_wconf 84' lang='lat' dir='ltr'><strong>Num</strong></span> <span class='ocrx_word' id='word_1_332' title='bbox 631 4551 752 4616; x_wconf 83' lang='grc' dir='ltr'><strong><em>ανδραῑσιν</em></strong></span> <span class='ocrx_word' id='word_1_333' title='bbox 769 4522 908 4598; x_wconf 56' lang='lat' dir='ltr'><strong>efficaci„</strong></span> <span class='ocrx_word' id='word_1_334' title='bbox 946 4588 957 4594; x_wconf 91' lang='lat'><strong>..</strong></span> <span class='ocrx_word' id='word_1_335' title='bbox 1006 4589 1011 4594; x_wconf 91' lang='lat'><strong>.</strong></span> <span class='ocrx_word' id='word_1_336' title='bbox 1068 4590 1071 4594; x_wconf 90' lang='lat'><strong>.</strong></span> <span class='ocrx_word' id='word_1_337' title='bbox 1191 4590 1196 4594; x_wconf 89' lang='lat'><strong>.</strong></span> <span class='ocrx_word' id='word_1_338' title='bbox 1273 4590 1284 4596; x_wconf 82' lang='lat'><strong>-</strong></span> <span class='ocrx_word' id='word_1_339' title='bbox 1373 4570 1377 4575; x_wconf 97' lang='lat'><em>·</em></span> 
     </span>
    </p>
   </div>
   <div class='ocr_carea' id='block_1_5' title="bbox 0 0 1505 5018">
    <p class='ocr_par' dir='ltr' id='par_1_7' title="bbox 0 0 1505 5018">
     <span class='ocr_line' id='line_1_38' title="bbox 0 0 1505 5018; baseline 0 0"><span class='ocrx_word' id='word_1_340' title='bbox 0 0 1505 5018; x_wconf 95' lang='lat' dir='ltr'><strong> </strong></span> 
     </span>
    </p>
   </div>
  </div>
 </body>
</html>
