3000 5018
782 259 823 316 10

214 442 316 501 editor
339 444 424 502 Astii
448 447 506 503 cam
531 443 667 515 ξυνόντες
691 461 747 519 pro
772 445 901 518 vulgato
922 443 1070 516 ξυνιόντες
1090 445 1209 518 recepit
1229 460 1291 505 1166
1314 461 1397 507 sano

215 557 285 612 erat
308 571 364 614 cur
388 555 476 615 codd.
501 557 660 630 scriptura
682 557 919 617 sollicitaretur.
944 557 1146 633 Quamquam
1172 558 1303 631 egregie
1325 574 1397 633 par·

214 667 323 741 ticipio
354 667 502 740 ξυνιόντες
533 685 640 730 carere
671 686 856 745 possumus,
880 671 975 729 senili
998 672 1109 730 tamen
1133 669 1272 729 orationi
1298 671 1398 732 relin-

215 782 379 853 quendum
400 786 459 842 est.
480 783 589 843 Heller
608 798 733 856 quoque
753 783 835 853 (dur.
857 783 932 844 drit.
952 799 981 857 p.
1006 785 1034 853 7)
1047 782 1200 843 traditam
1212 783 1398 845 lectionem

214 894 365 954 defendit.
388 930 427 938 -
449 896 545 955 Varia
560 895 696 956 lectione
716 896 824 968 πότους
841 918 870 954 τε
882 894 933 954 καλ
944 894 1067 974 εὐωχίας
1078 896 1136 967 (sic
1150 896 1263 956 Stallb.
1282 897 1397 975 1829),

214 1021 312 1079 quarn
334 1009 515 1082 complures
534 1010 622 1069 codd.
644 1025 670 1070 c.
692 1010 785 1070 Stob⁰
806 1011 969 1084 praebent,
981 1010 1045 1069 tria
1056 1009 1112 1069 illa
1122 1007 1244 1087 πόνους,
1255 1007 1400 1088 εὐωχίας,

214 1114 277 1178 ἀλλ’
310 1117 380 1178 ἅττα
410 1125 566 1195 tanquam
599 1124 631 1183 in
654 1140 753 1183 unam
777 1124 981 1198 voluptatum
1006 1124 1147 1197 speeiem
1171 1122 1400 1186 coalescentia

214 1233 332 1293 melius
365 1228 471 1295 verbis
498 1234 615 1313 περίτι
639 1234 815 1314 τάφροδίσια
838 1238 1057 1310 opponuntur;
1082 1236 1121 1296 of.
1146 1251 1197 1296 ex.
1221 1250 1270 1309 gr.
1302 1238 1400 1298 3320

165 1341 194 1405 Β
217 1344 359 1424 φάρμαιιά
389 1352 447 1407 ιιτλ.
480 1345 592 1410 3371).
626 1350 726 1410 38οΕ
757 1350 837 1420 (bis).
863 1350 925 1411 398
939 1351 974 1411 D.
1000 1350 1114 1409 411Α.
1140 1350 1247 1410 46οΑ
1273 1351 1341 1410 etc.
1366 1342 1387 1433 ΙΙ

217 1458 298 1520 Olar.
331 1461 367 1521 R.
396 1463 431 1522 B.
457 1463 638 1536 Hirschigio
661 1464 760 1533 (Misc.
785 1463 865 1524 Phil.
891 1465 922 1522 et
946 1464 979 1522 Ρ.
1008 1464 1103 1531 1851)
1127 1458 1212 1522 ἕνεκά
1235 1484 1269 1542 γε
1295 1462 1398 1542 γήρας

216 1574 335 1634 delenti
365 1591 460 1635 nemo
491 1577 594 1637 adhuc
626 1578 870 1652 obtemperavit,
900 1579 933 1635 at
956 1577 1019 1636 tria
1042 1576 1098 1636 illa
1121 1577 1220 1637 verba
1243 1577 1397 1649 scholion

216 1692 292 1748 sunt
322 1689 362 1749 ad
392 1684 471 1750 τοῦτ’
506 1690 600 1749 αἴτιον
631 1692 839 1765 adscriptum.
869 1692 939 1751 Non
969 1691 1087 1765 legisse
1121 1690 1248 1749 videtur
1282 1689 1396 1751 Cicero

215 1804 294 1874 (Cat.
316 1805 355 1864 M.
378 1807 407 1864 3.
433 1807 473 1880 7),
497 1820 572 1864 cum
596 1805 729 1865 verterit
757 1806 857 1880 „Nam
881 1806 908 1865 si
932 1806 964 1865 id
988 1804 1081 1878 culpa
1104 1802 1288 1863 senectutis
1314 1803 1396 1864 acci·

215 1918 314 1992 deret,
336 1918 448 1977 eadem
469 1918 550 1977 mihi
570 1933 630 1977 usu
653 1918 799 1977 venirent
823 1917 1016 1991 reliquisque
1040 1917 1190 1977 omnibus
1212 1914 1398 1977 maioribus

215 2032 326 2093 uatu.”
351 2033 501 2108 verbosa,
527 2048 589 2092 non
613 2032 745 2106 puerilis
769 2031 898 2106 Cephali
922 2033 1023 2091 oratio
1047 2032 1106 2091 est.
1130 2030 1269 2091 —Illud
1296 2031 1396 2091 abun·

215 2148 295 2207 dans
326 2142 384 2222 ἔφη
415 2146 448 2205 in
478 2142 654 2229 ἐρωτωμένῳ
678 2143 736 2204 ὑπό
760 2162 851 2215 τινος·
875 2153 948 2218 πῶς,
970 2142 1042 2220 ἔφη
1065 2144 1230 2203 illustrent
1253 2143 1395 2219 Apolog.

217 2259 297 2318 2οΒ
316 2265 421 2317 τοῦτον
441 2250 496 2317 οὖν
516 2255 672 2337 ἀνηρόμην
682 2305 753 2316 .....
775 2251 798 2317 ὦ
818 2256 942 2335 Καλλία,
960 2248 998 2334 ἦν
1019 2252 1047 2316 δ’
1064 2254 1119 2336 ἐγώ
1140 2260 1173 2317 et
1192 2244 1397 2331 Rep.'44913

170 2364 260 2435 Οῶν
288 2368 357 2429 ἄλλο
388 2367 440 2448 μὲν
470 2375 528 2430 αι).
553 2363 572 2454 ΙΙ
600 2373 710 2432 Denuo
734 2372 814 2430 mihi
837 2387 912 2431 cum
937 2371 1117 2444 Hirschigio
1141 2369 1265 2441 (Philol.
1296 2371 1396 2437 1854)

215 2485 334 2545 delenti
354 2486 517 2558 (probante
539 2485 656 2546 dobeto
676 2485 738 2546 Mn.
763 2486 858 2554 1855)
880 2486 976 2544 verba
992 2483 1032 2542 ἐίι
1044 2477 1106 2554 οἷός
1120 2518 1157 2525 --
1175 2482 1397 2562 συγγίγνεσθαι

215 2599 408 2659 faciendum.
433 2599 578 2658 Primum
604 2598 713 2660 dicero
737 2598 814 2669 (dat.
844 2600 894 2668 14)
915 2599 948 2658 et
967 2599 1075 2658 Theon
1097 2598 1199 2669 (Prog.
1221 2613 1250 2671 p.
1281 2598 1336 2669 14)
1357 2614 1398 2660 ea

216 2713 314 2773 verba
333 2713 522 2786 omiserunt,
545 2713 616 2772 dein
640 2713 849 2773 Plutarchum
871 2713 965 2772 modo
985 2713 1032 2772 sic
1053 2708 1068 2770 ὁ
1087 2715 1166 2786 Σαφ.
1188 2708 1356 2789 ἐρωτηθεὶς
1372 2712 1399 2771 εἰ

216 2824 341 2885 δύναται
357 2820 378 2896 ¹)
396 2823 516 2905 ηυναιιιλ
534 2825 714 2902 πλησιάζειν,
734 2825 907 2902 εὐφήμει...
929 2818 1019 2901 εἶπεν,
1038 2827 1133 2886 modo
1153 2825 1200 2885 sio
1213 2820 1301 2905 ὁγὰρ
1313 2829 1398 2901 Σοφ.

216 2934 342 3014 ἀσμενος
372 2936 429 3015 ἔφη
461 2936 496 2997 τά
519 2936 679 3017 ἀφροδίσια
703 2937 871 3018 γεγηρακὼς
894 2935 1134 3017 ἀποπεφευγέναι
1157 2939 1298 2999 eandem
1322 2955 1397 3000 rem

216 3044 402 3112 narrantem
419 3056 509 3126 patet
522 3069 613 3113 mera
628 3069 731 3127 neque
753 3056 867 3113 exacta
879 3053 1066 3127 paraphrasi
1087 3068 1184 3112 usum
1204 3067 1290 3113 esse.
1304 3052 1397 3129 Quae

216 3182 289 3227 cum
322 3169 432 3226 tamen
465 3167 560 3227 alicui
592 3168 681 3240 parvi
714 3167 870 3226 momenti
902 3168 1094 3239 argumenta
1126 3165 1226 3226 videri
1253 3166 1397 3239 possint.

217 3281 276 3339 hoc
307 3280 433 3339 addam.
462 3280 566 3340 Verba
589 3289 651 3350 πῶς
676 3278 747 3357 ἔχεις
771 3277 844 3357 πρὸς
867 3276 1043 3357 τάφροδίσια
1069 3279 1203 3339 minime
1227 3277 1397 3349 (dummae

218 3394 304 3452 enim
336 3393 529 3452 rusticitatis
561 3394 664 3453 iuerat
696 3394 761 3452 tale
793 3393 867 3467 quid
900 3396 1021 3464 rogare)
1051 3391 1234 3464 significant
1261 3392 1399 3468 „Adhuc

216 3508 255 3565 ad
281 3521 332 3566 res
357 3508 505 3566 venerias
530 3507 665 3566 utendas
690 3507 803 3566 vales?
827 3507 857 3576 (i.
883 3521 910 3564 e.
931 3505 1015 3563 Esne
1035 3505 1176 3564 nondum
1196 3507 1267 3564 tam
1289 3506 1397 3566 decre·

216 3619 303 3692 pitus
326 3621 363 3677 ut
385 3620 417 3678 in
442 3621 527 3679 coitu
551 3635 591 3679 ne
616 3635 746 3679 corruas
774 3620 903 3678 metuas
912 3619 969 3691 1),”
992 3619 1049 3677 sed
1072 3618 1244 3692 „Adhucne
1266 3615 1398 3697 ἀφροδι-

218 3731 325 3802 σιάζειν
361 3732 471 3791 soles?
507 3733 537 3801 (i.
574 3749 600 3792 e.
637 3733 782 3792 adhucne
818 3732 945 3791 veneris
979 3731 1184 3791 irritamenta
1217 3732 1326 3792 sentis
1336 3735 1398 3809 ?)”‚

217 3845 366 3918 quocirca
384 3860 587 3918 nequaquam
610 3846 701 3917 sequi
727 3847 835 3918 potest
861 3844 1034 3919 „Adhuone
1055 3845 1095 3904 ad
1115 3845 1298 3905 coeundum
1319 3861 1398 3907 cum

216 3958 352 4018 muliere
378 3958 512 4018 vales?”
536 3958 620 4017 Eum
643 3973 756 4017 verum
772 3952 792 4028 2)
817 3974 888 4018 esse
913 3974 1047 4018 sensum
1067 3959 1167 4018 otiam
1188 3973 1205 4018 e
1225 3944 1400 4034 Sophoclis

216 4087 368 4147 responso
400 4071 485 4133 clare
516 4072 622 4132 elucet
655 4068 870 4147 „deperditam
901 4067 999 4148 μέντοι
1031 4068 1103 4131 αὐτὸ
1131 4064 1291 4149 ἀπέφυγον
1314 4076 1399 4152 κτ1,”

215 4187 236 4246 1.
250 4202 276 4246 e.
295 4188 331 4245 ut
351 4184 512 4246 Ciceronis
533 4185 639 4244 verbis
661 4186 733 4244 utar
756 4185 990 4259 „libentissime
1008 4185 1104 4245 istinc
1124 4185 1250 4259 profugi
1260 4187 1292 4259 ;”
1318 4187 1402 4248 illud

251 4466 270 4532 ¹)
287 4470 382 4529 Utique
400 4470 537 4528 legendum
557 4473 596 4515 est
617 4471 708 4524 <ἕα>
730 4470 826 4514 δύναται
845 4470 934 4526 γυναικὶ
953 4474 1000 4514 κτλ.

249 4543 269 4608 2)
288 4549 377 4594 (licere
393 4545 456 4609 (Oai.
473 4550 513 4604 41)
530 4548 609 4604 „Cum
620 4562 651 4594 ex
661 4562 690 4594 eo
700 4548 805 4606 quidam
815 4549 950 4606 quaereret
959 4549 1109 4594 utereturne
1119 4548 1196 4593 rebus
1205 4550 1324 4596 veneriis
1334 4556 1403 4601 eto.'¹
