3000 5018
712 262 717 271 '
738 282 798 343 101

146 448 219 515 viri
280 465 365 526 docti
407 481 519 527 secum
557 469 707 542 reputent
741 469 852 528 utrum
887 469 931 529 sit
965 468 1108 544 pulcrius
1142 472 1348 532 enuntiatum

152 556 180 630 ἐξ
222 569 370 656 ἀργύρου
402 579 434 650 (1.
466 595 494 640 6.
526 577 555 652 ἐξ
585 577 718 659 ἀργυροῦ
746 577 863 660 γένους)
886 589 1016 659 χρυσοῦν
1041 579 1163 661 ἔκγονον
1187 583 1348 661 γεννηθείη

154 667 194 729 ἂν
243 703 290 751 an
325 689 354 764 ἐξ
386 689 518 771 ἀργυροῦ
549 691 673 773 ἐκγόνου
705 702 834 772 χρυσοῦν
869 692 993 773 ἔκγονον
1026 700 1114 764 (nam
1149 697 1204 769 qui
1233 699 1349 770 putant
1413 741 1417 749 ·

110 776 201 846 03‘1
245 799 379 884 ἀργυροῦ
410 810 520 867 mente
549 804 654 886 γένους
684 807 826 882 suppleri
855 822 950 882 posse
973 809 1100 881 egregie
1124 807 1301 880 falluntur).
1327 803 1345 887 ΙΙ

156 894 304 992 ⁰01‘rige
355 919 428 1002 φύγ.
478 921 516 979 In
565 921 722 994 proximis
773 936 886 982 vereor
934 924 972 981 ut
1020 914 1186 981 Richards¹
1234 921 1346 991 (class.

152 1009 256 1092 RQ
293 1033 388 1104 1893)
423 1035 457 1094 0³
480 1032 654 1110 τιμήσαντες
690 1028 790 1106 <xci
825 1031 953 1108 ἀξίαν)
987 1030 1131 1106 ἀνάξουσι
1164 1034 1217 1094 vel
1252 1034 1347 1104 (dub.)

154 1130 504 1224 <derc>rcprjduvcs9
534 1142 580 1204 ἀν.
612 1148 796 1207 necessaria
826 1148 879 1208 sit.
914 1150 1009 1223 Τιμᾶν
1033 1147 1085 1207 hic
1108 1145 1269 1221 significat
1295 1148 1347 1223 „in

149 1249 277 1320 pretio
308 1262 458 1337 habere”,
490 1260 575 1320 sicut
604 1274 701 1334 saepe
730 1257 798 1336 ειμι)
833 1259 921 1320 valet
955 1260 1146 1334 „pretium'’.
1183 1259 1348 1333 campbell

149 1363 272 1433 vssrtit
310 1374 449 1449 „having
484 1373 658 1434 estimated
692 1373 776 1433 their
810 1373 956 1448 values'’‚
991 1373 1086 1447 paulo
1121 1375 1196 1434 ante
1227 1370 1346 1449 τὴν...

147 1483 259 1563 τῑῖινγ
282 1487 515 1561 interpretatus
541 1487 652 1563 „obice
680 1502 715 1547 or
739 1487 959 1560 occupation.”
984 1486 1114 1546 Aoristo
1137 1486 1347 1563 διαφθαρῆναι

147 1589 290 1660 offendi
313 1614 373 1660 nos
395 1615 460 1660 non
482 1602 625 1675 oportet:
649 1602 723 1673 post
746 1607 829 1677 χρῆν,
853 1597 992 1677 χρησμός,
1010 1597 1110 1676 λόγιον
1131 1602 1345 1672 (responsum)

149 1707 332 1773 adustum
355 1713 516 1773 usitatum
539 1727 611 1773 esse
635 1712 744 1773 docuit
767 1712 896 1785 Madvig
918 1713 952 1772 in
975 1713 1109 1772 Advers.
1130 1711 1255 1772 criticis
1275 1727 1345 1772 con·

153 1812 279 1888 ferens
310 1842 341 1886 v.
373 1841 400 1887 c.
433 1826 575 1900 Thucyd.
607 1827 654 1885 ΙΠ
687 1828 739 1901 96,
771 1826 871 1886 Arist.
903 1825 998 1898 Vesp.
1034 1826 1107 1886 160.
1138 1826 1176 1885 In
1206 1825 1344 1894 §Diu

158 1941 275 2001 scribe
300 1935 417 2017 μεντᾶν.

109 2058 125 2096 k
210 2053 287 2113 Non
307 2052 393 2113 male
413 2051 577 2113 Herwerd.
596 2051 670 2122 (hin.
695 2051 789 2121 1883)
803 2052 901 2112 verba
921 2047 1073 2128 διαφέρειν
1086 2047 1201 2109 ἐκείνου
1213 2050 1343 2112 delevit.

164 2159 272 2228 Totus
301 2165 354 2226 hic
384 2165 475 2225 locus
505 2165 719 2239 interpolatus
749 2167 809 2225 est.
842 2166 880 2225 In
910 2163 1120 2237 sequentibus
1150 2163 1219 2223 dele
1246 2164 1344 2224 verba

162 2277 213 2339 καὶ
249 2277 341 2355 οὕτω,
370 2292 453 2351 quae
485 2277 641 2338 adiecisse
673 2278 790 2351 aliquis
821 2277 949 2337 videtur
979 2292 1043 2336 non
1065 2275 1248 2349 intelligens
1271 2279 1344 2350 post

160 2399 303 2462 τοιοῦτος
338 2405 434 2465 saepe
466 2388 537 2450 ὥστε
568 2391 669 2463 sequi.
699 2423 739 2432 -
765 2389 923 2462 Madvigie
953 2390 1139 2463 proximum
1165 2392 1341 2467 κακουργεῖν

158 2504 354 2566 eliminanti
384 2503 506 2577 optime
536 2503 662 2563 assensi
689 2505 767 2562 sunt
790 2503 850 2562 soli
873 2497 1015 2563 Oobetus
1038 2505 1072 2563 et
1095 2502 1341 2576 Herwerdenus,

157 2612 246 2680 licet
266 2618 380 2676 contra
402 2615 543 2676 dixerint
562 2616 590 2676 J.
611 2615 734 2676 Vahlen
755 2615 904 2685 (Hermes
927 2617 1033 2689 1876),
1053 2615 1204 2675 Liebhold
1224 2615 1340 2685 (Fleck.

154 2731 237 2796 Jbb.
266 2730 352 2791 1888
376 2729 426 2790 bd.
454 2731 538 2804 137),
559 2729 715 2789 Richards
735 2728 848 2798 (blase.
868 2729 946 2789 Rev.
971 2729 1065 2804 1893,
1087 2728 1160 2788 dub.
1181 2727 1342 2788 coniciens

153 2847 421 2924 κακουργοῦντας)
455 2843 608 2917 putantes
644 2842 768 2902 scilicet
798 2856 1029 2913 nonnunquam
1060 2834 1110 2899 ἐπ’
1143 2836 1278 2922 ἀγαθῷ
1298 2837 1341 2898 κο

154 2953 325 3038 ἐπιχειρεῖν
355 2977 412 3014 τινι
443 2954 521 3015 fleri.
545 2956 582 3014 In
608 2956 671 3014 817
694 2954 716 3015 O
740 2955 964 3028 corrigendum
987 2957 1065 3028 puto
1089 2951 1242 3031 ἐπιχειρεῖν
1267 2950 1342 3031 [μῖγ-

108 3059 125 3123 ῑ
153 3071 308 3140 νυσθυι].
330 3067 429 3128 Paulo
450 3070 525 3127 61116
545 3068 615 3141 lege
635 3064 745 3138 αὐτοὺς
767 3065 847 3138 [τοὺς
867 3066 983 3138 κύνας).
1004 3058 1023 3150 ΙΙ
1043 3066 1225 3141 Stephanus
1244 3065 1341 3140 (prob.

152 3183 274 3253 Aetio)
298 3181 482 3254 requirebat
503 3179 639 3240 τοιοῦτόν
667 3181 789 3256 <ιι>,
811 3181 947 3254 optime;
973 3181 1118 3254 praestat
1142 3181 1253 3238 autem
1278 3193 1341 3238 cer-

154 3300 275 3372 l'igore
310 3291 425 3367 <τὸ>
458 3301 593 3353 τοιοῦτον
623 3289 696 3370 ἡμῖν
724 3296 792 3365 ach
822 3293 884 3352 vid.
909 3293 995 3352 (11616.
1018 3293 1058 3352 ad
1083 3293 1144 3351 331
1167 3290 1199 3351 O.
1224 3291 1343 3350 Parum

157 3409 310 3472 venuste
341 3408 369 3468 J.
402 3408 533 3468 Richter
556 3407 672 3478 (Fleck.
697 3409 767 3468 Jbb.
796 3408 891 3477 1867)
915 3407 952 3467 ci.
978 3403 1019 3483 μγ)
1042 3412 1234 3465 veroum...
1257 3424 1344 3480 ποιη-

138 3527 257 3582 ·θῶσι.
282 3521 423 3595 Vulgata
454 3537 489 3581 se
521 3522 642 3595 optime
673 3521 780 3581 habet.
812 3520 943 3579 Astium
975 3534 1094 3596 καρεσκ.
1124 3514 1161 3576 ἂν
1185 3509 1265 3594 εἶμεν
1288 3532 1345 3591 pre

108 3619 120 3683 3
157 3657 198 3696 π.
232 3632 261 3694 ἀ.
295 3626 353 3694 εἶεν
389 3635 606 3708 requirentem
642 3635 728 3694 reete
764 3632 937 3693 Schneider
971 3631 1136 3692 refutavit.
1170 3624 1189 3706 ΙΙ
1217 3630 1345 3704 Optime

162 3748 313 3811 Oobbtus
336 3748 474 3809 correxit
498 3745 561 3824 ἥτις
582 3745 652 3823 μήτε
671 3755 723 3805 τοῦ
745 3751 811 3820 (pro
830 3744 927 3816 votet:
948 3745 1089 3819 primum
1111 3744 1218 3804 Attice
1238 3743 1345 3802 παύειν

163 3879 196 3924 6.
230 3861 398 3936 participio
430 3861 573 3922 construi
604 3860 697 3934 solet,
729 3859 841 3919 deinde
876 3859 909 3919 in
945 3859 1077 3932 vulgata
1111 3873 1200 3931 pron.
1236 3854 1345 3926 αὐτοὺς

165 3974 315 4035 abundat
348 3975 443 4048 (quod
479 3976 546 4035 iam
577 3974 691 4033 Aetius
722 3973 868 4033 sentiens
899 3972 1008 4044 αὐτούς
1038 3993 1068 4032 ιε
1097 3974 1274 4050 κακουργεῖν
1306 3966 1346 4046 με)

167 4085 282 4166 ἐκαροῖ
311 4089 512 4157 coniecerat).
548 4088 620 4148 Par.
652 4088 680 4146 A
712 4087 843 4146 exhibet
873 4083 967 4168 ἐκάργ
997 4086 1019 4146 1.
1044 4101 1070 4145 e.
1107 4081 1216 4162 ἐπαρεῖ.
1247 4084 1347 4143 Recte

161 4200 253 4287 1111.
278 4203 312 4261 61
336 4201 434 4261 Cobet
457 4216 474 4260 e
495 4201 605 4275 paucis
625 4201 714 4261 codd.
735 4200 843 4259 καύσει
871 4201 905 4258 61
923 4195 1028 4274 ἐκαρεῖ
1043 4196 1197 4256 scribunt.
1219 4196 1347 4257 Stobaei

173 4313 247 4373 lect.
271 4309 431 4392 ἀναγκάσει
456 4328 513 4388 pre
537 4306 612 4372 εἶναι
635 4314 746 4373 καύσοι
769 4312 873 4372 lucide
897 4311 1099 4371 demonstrat
1122 4310 1155 4368 in
1174 4309 1346 4383 archetypo

174 4425 322 4486 futurum
353 4425 482 4497 (καύσει)
514 4427 666 4487 adfuisse.
692 4426 849 4485 sichaeus
874 4424 1005 4484 exhibet
1028 4419 1148 4500 ἐναίρει.
1172 4423 1209 4482 In
1233 4422 1346 4482 eadem

177 4539 339 4600 sententia
362 4539 473 4600 Herm.
500 4542 533 4600 et
556 4539 668 4600 Stallb.
693 4538 802 4608 (1858)
826 4529 897 4596 Par¹
918 4538 947 4596 A
967 4536 1040 4596 lect.
1060 4533 1347 4613 παρασκευάσασθαι
