3000 5018
800 249 842 308 82

179 436 369 512 Bperhaps
405 425 481 513 de‘ff’
514 428 533 520 ΙΙ
567 437 782 497 Herwerdeno
814 436 888 514 (Mn.
925 435 1021 515 1883)
1054 436 1227 511 corrigenti
1257 432 1315 507 τὰς
1341 436 1413 506 [τοῦ]

232 546 331 628 ἑτέρου
361 569 424 608 noe.
459 552 645 628 [Σπερχειοῦ]
678 565 742 610 non
772 551 1060 624 obtemperandum
1091 565 1164 612 esse
1194 550 1289 624 puto.
1314 548 1412 609 Artio.

231 670 284 723 τοῦ
307 664 419 737 utique
442 664 631 738 servandus,
656 663 844 723 denomino
864 664 990 738 proprio
1011 663 1144 724 delendo
1157 662 1284 737 ambigi
1294 663 1410 738 potest,

178 766 208 830 B
233 792 307 837 cum
331 777 432 837 etiam
457 777 521 836 390
544 777 569 838 Ε
593 792 711 837 nomen
740 775 866 835 Φοίνικα
889 776 1035 837 additum
1060 776 1113 836 sit.
1139 771 1157 848 Ιξ
1181 776 1252 837 See.
1280 773 1407 850 campo.

234 890 305 952 Par.
337 892 367 949 A
397 888 572 969 ὥρμηοΑΝ,
601 905 665 949 aaa
695 888 831 968 ὥρμησεν
862 889 1002 969 exhibet.
1027 888 1191 950 Pluraiem
1214 890 1305 950 recte
1329 903 1404 949 rece·

229 1006 346 1078 parunt
367 1003 448 1064 Bkk.
474 1004 536 1063 Ast
560 1002 702 1079 eampo„
726 1003 789 1064 etsi
813 1003 986 1076 singularis
1010 1002 1193 1064 nonhabet
1217 1018 1277 1064 cur
1295 1002 1401 1076 impro-

229 1118 332 1193 betur,
357 1118 420 1178 vid.
446 1133 475 1177 v.
494 1132 520 1178 e.
545 1118 608 1177 401
630 1117 656 1176 D
676 1116 852 1176 καταδύεται
872 1114 889 1176 ὅ
908 1139 937 1175 τε
955 1113 1071 1196 ῥυθμὸς
1092 1113 1142 1175 καὶ
1161 1111 1323 1195 diducendo
1333 1160 1396 1175 .....

230 1228 357 1308 φέροντο
378 1228 494 1308 (neutr.
514 1225 623 1311 plur).
645 1230 716 1290 Par.
738 1231 767 1289 A
787 1231 919 1290 exhibet
938 1225 1014 1307 μηδέ
1033 1223 1088 1288 τιν’
1105 1226 1206 1289 ἄλλον.
1220 1263 1261 1272 ·-
1276 1229 1394 1290 Frustra
1433 1310 1435 1319 Ι

231 1343 340 1403 Heller
371 1340 455 1420 (eun
489 1341 564 1403 Orit.
597 1358 627 1417 p.
662 1340 716 1420 28)
748 1339 823 1402 αὐτὰ
855 1340 924 1421 ἔργα
948 1343 1011 1404 dici
1033 1358 1098 1404 non
1120 1358 1216 1417 posse
1239 1343 1391 1404 contendit

231 1472 334 1530 neque
358 1457 427 1517 eius
452 1453 587 1534 0⁸.(coll.
608 1458 670 1517 391
684 1453 721 1532 B)
745 1463 867 1515 τοιαῦτα
888 1451 957 1535 ἔργα
979 1456 1059 1515 mihi
1079 1456 1195 1530 placet.
1216 1455 1283 1530 ugo
1303 1455 1387 1517 delen·

231 1562 309 1631 dum
332 1577 409 1646 puto
433 1568 512 1650 ἔργα,
534 1571 619 1631 siout
643 1571 708 1632 370
731 1570 755 1629 B
778 1571 852 1644 post
875 1567 969 1646 αὐτὴν
993 1570 1115 1629 librarii
1138 1567 1193 1646 τὴν
1213 1567 1301 1629 πόλιν
1319 1568 1386 1629 mele

231 1686 443 1745 inseruerant.
469 1677 559 1743 Εἶναι
581 1684 694 1744 τούτων
718 1681 794 1744 αὐτὰ
816 1685 1011 1758 exquisitius
1034 1684 1158 1744 dictum
1179 1683 1261 1744 mihi
1281 1682 1385 1744 videtur

231 1815 338 1873 quam
350 1792 426 1857 εἶναι
446 1796 521 1858 edre
539 1798 652 1858 τούτων
670 1796 748 1878 ἔργα.
770 1799 844 1859 Mox
863 1800 984 1873 optime
1006 1798 1144 1859 Cebetas
1165 1799 1204 1860 ci.
1218 1794 1286 1858 θεοὶ
1297 1795 1384 1866 wrote

180 1911 365 1992 Ενεννῶσι,
398 1927 473 1972 cum
508 1920 616 1991 γεννᾶν
649 1912 702 1972 hio
733 1912 971 1973 translaticiam
1003 1913 1070 1972 vim
1102 1927 1165 1973 non
1196 1913 1343 1974 obtineat.
1362 1901 1376 1993 Η

231 2025 375 2086 Bekkero
407 2027 538 2086 auctore
570 2025 716 2087 Schneid.
751 2026 862 2087 Staitb.
892 2027 976 2087 Bait.
1002 2025 1133 2101 Gampb.
1158 2025 1190 2086 οἱ
1210 2029 1286 2087 ante
1309 2021 1384 2102 aava

231 2138 430 2213 addiderunt,
464 2137 603 2212 optime;
637 2138 757 2198 excidit
789 2137 820 2198 ot
847 2139 1086 2213 haplographia.
1120 2153 1169 2183 -⁴
1193 2139 1268 2200 Mox
1294 2139 1384 2201 Strabo

231 2243 275 2321 οἷς
304 2266 361 2326 pro
392 2242 431 2322 ὦς
462 2251 603 2326 praebet,
635 2253 719 2324 quod
751 2268 830 2313 sane
861 2253 989 2313 facilius
1012 2253 1189 2314 intellectu.
1214 2253 1332 2315 Vocem
1351 2245 1386 2311 aad

231 2365 339 2425 ultimi
360 2380 473 2425 versus
492 2365 554 2423 Ast
574 2366 607 2424 et
631 2364 795 2439 campbell
820 2366 962 2427 Socratis
986 2366 1124 2426 orationi
1147 2366 1305 2427 dederunt
1325 2362 1386 2426 arti·

104 2535 105 2539 ,
232 2479 309 2538 trati
332 2478 431 2539 verba
454 2473 490 2535 od
514 2497 560 2536 νοω
584 2481 633 2536 κτλ
657 2493 732 2538 cum
756 2479 913 2554 proximis
933 2494 997 2539 non
1021 2481 1202 2541 cohaerere.

87 2599 150 2659 392
179 2595 208 2660 Α
276 2591 351 2652 Voc.
375 2587 448 2669 ἡμῖν
468 2594 542 2665 post
561 2581 599 2669 ἦν
619 2585 648 2649 e'
671 2588 726 2671 ἐγὼ
746 2592 779 2652 in
799 2593 875 2652 Par⁰
897 2594 926 2652 A
947 2590 1052 2671 (cuius
1072 2595 1223 2655 librarius
1237 2587 1389 2669 vocisp‘pe

230 2707 441 2767 omissionem
478 2706 613 2766 resarcit
643 2706 810 2766 scribendo
841 2706 1044 2786 περιορίζομεν
1057 2725 1063 2737 ’
1077 2700 1133 2784 οἷς)
1166 2708 1327 2768 omissum
1352 2704 1389 2765 est

230 2819 316 2895 prob.
350 2820 462 2880 Herm.
494 2822 527 2879 et
558 2820 697 2880 Baitero.
730 2819 854 2880 codicis
886 2822 920 2878 Π
944 2820 1117 2881 lectionem
1142 2811 1180 2899 ἦν
1205 2815 1233 2880 d'
1250 2818 1316 2899 ἐγώ,
1335 2814 1390 2896 ἡμῖν

230 2934 340 3008 optime
370 2934 545 3008 probarunt
576 2933 700 3009 Stella,
733 2934 917 3010 Schneider,
952 2935 1147 2995 Schmelzer.
1181 2935 1325 2995 Tertiam
1344 2932 1390 2992 ioc-

231 3049 352 3108 tionem
384 3041 466 3124 ἡμῖν,
495 3037 534 3124 ἦν
566 3040 594 3106 δ’
620 3044 675 3126 ἐγώ
700 3047 781 3108 Bkk.
807 3049 870 3108 Ast
893 3047 1024 3124 campo.
1051 3046 1139 3126 (ante
1163 3038 1202 3125 ἦν
1224 3049 1259 3109 in
1282 3043 1391 3108 Par⁰A

232 3154 304 3237 ἡμῖν
327 3161 487 3220 excidisse
510 3156 614 3237 ratus)
639 3164 837 3235 receperunt.
864 3195 905 3205 -
929 3162 1203 3236 Interpolatorum
1226 3161 1315 3222 codd.
1334 3158 1391 3220 lect.

234 3271 300 3353 περὶ
329 3269 453 3350 <μὲν>
477 3271 532 3352 γὰρ
551 3278 633 3333 θεῶν
652 3279 710 3333 κτλ.
730 3275 848 3335 iniuria
867 3276 978 3336 Stallb.
1001 3272 1113 3353 (1858)
1133 3275 1291 3350 probavit.
1311 3270 1392 3334 Valde

235 3389 334 3449 miror
364 3389 497 3448 Astium
528 3390 561 3448 et
589 3388 700 3448 Stallb.
726 3387 795 3446 Vam
826 3389 850 3448 L
873 3386 1024 3448 ἀδύνατον
1049 3385 1080 3448 δὲ
1103 3403 1166 3449 non
1191 3388 1391 3463 improbasse:

235 3502 313 3560 illud
334 3499 371 3578 δὴ
391 3503 512 3563 indicat
532 3502 698 3563 Socratem
718 3518 782 3562 non
802 3505 960 3577 punctum
979 3503 1136 3577 temporis
1155 3501 1322 3562 dubitasse
1333 3497 1392 3573 qun

236 3617 268 3675 et
299 3615 473 3675 Adimanto
495 3616 582 3675 idem
607 3616 715 3676 visum
740 3618 837 3676 esset.
862 3613 1029 3694 Λογοννοιοὶ
1051 3616 1104 3675 hic
1127 3615 1233 3676 eidem
1256 3616 1332 3675 sunt
1352 3607 1392 3684 qui
1431 3598 1435 3711 *ἐ

236 3729 268 3787 in
292 3725 311 3802 ς
334 3727 360 3786 1)
392 3727 557 3806 μυθολόγοι
580 3732 747 3806 vocantur,
772 3730 857 3790 sicut
880 3728 987 3809 λόγους
1010 3730 1159 3790 Socrates
1182 3728 1235 3788 hic
1259 3744 1280 3789 a
1301 3725 1392 3806 μονοις
1433 3774 1435 3783 .

184 3847 298 3909 Bnon
334 3841 513 3915 distinguit.
551 3834 570 3924 ΙΙ
605 3843 642 3902 In
674 3843 693 3918 S
723 3844 781 3904 ult.
813 3846 899 3904 recte
931 3844 1098 3904 Hermann
1121 3845 1297 3917 praeeunte
1319 3834 1391 3901 Stall·
1433 3820 1435 3911 i

238 3956 366 4016 baumio
391 3948 492 4036 (prob.
517 3955 599 4016 Bait.
625 3954 769 4035 campo.)
794 3958 865 4019 coll.
890 3957 992 4018 4200
1013 3957 1158 4035 ζητοῦμεν
1178 3971 1236 4031 pro
1256 3953 1391 4033 ἐζητοῦμεν
1433 4014 1435 4019 .

191 4075 214 4142 c
238 4070 386 4130 correxit.
414 4066 417 4147 ζ
455 4067 525 4126 vam
551 4070 575 4128 L
599 4067 634 4128 τὰ
658 4065 690 4128 δὲ
712 4067 814 4142 λέξεως
837 4088 893 4147 pro
916 4070 949 4131 τὸ
973 4067 1005 4131 a
1027 4075 1051 4131 t.
1076 4071 1293 4146 recipiendam
1315 4069 1390 4135 duca

238 4185 373 4244 eandem
395 4185 428 4243 et
442 4183 638 4242 Ammonius
650 4184 690 4243 ad
702 4184 837 4244 Aristot.
851 4201 881 4260 p.
895 4188 947 4246 99.
961 4203 990 4246 a.
1007 4187 1045 4245 17
1059 4186 1176 4246 Brand.
1195 4217 1233 4228 -
1245 4183 1392 4258 praeterae

239 4293 415 4372 ἐσκεμμένον
440 4293 519 4355 ἔσται
542 4310 599 4370 pro
623 4293 775 4374 ἐσκέψεπαι
799 4299 954 4359 exhibens
980 4333 1019 4342 -
1044 4299 1188 4360 tradidit.

93 4412 156 4470 393
185 4409 214 4472 Β
283 4408 365 4467 illud
393 4416 515 4486 ποιῆσαι
546 4407 596 4485 (μὴ
611 4406 745 4488 ’Όμηρον
771 4411 881 4482 δοκεῖν)
905 4412 1089 4473 illustratur
1111 4412 1221 4473 verbis
1242 4411 1277 4472 in
1300 4399 1391 4470 eald

238 4516 310 4600 ἡμῖν
346 4517 377 4579 δὲ
411 4529 531 4580 ποιοῦσι
565 4521 663 4581 δοκεῖν
696 4533 773 4599 σφᾶς
804 4529 864 4601 κτλ,
894 4541 992 4597 quare
1022 4542 1086 4589 non
1117 4541 1199 4600 opus
1229 4528 1280 4586 est
1309 4522 1343 4584 V.
1366 4515 1391 4576 t.
