3000 5018
815 306 850 354 VI

250 478 445 558 obscuravit,
477 482 568 542 cuius
599 484 711 542 auctor
724 473 757 555 1),
789 496 863 540 5551
888 480 1039 540 intimam
1063 480 1247 540 Platonicae
1271 478 1423 540 dictionis

251 566 467 667 cognitionem
487 595 714 668 contraxisset,
735 593 937 666 praeclarum
956 608 1059 664 neque
1082 608 1223 665 unquam
1241 593 1423 666 periturum

251 723 331 780 opus
351 708 500 767 condidit.
521 708 564 765 At
584 722 643 766 sua
664 707 732 766 vice
754 708 912 777 quantum
932 706 1017 763 Astii
1038 705 1134 766 editio
1146 706 1256 775 (1814)
1270 706 1426 778 superata

163 820 166 825 '
251 821 295 878 sit
319 820 522 893 editionibus
546 835 627 892 quas
650 819 785 892 Bekker,
810 799 987 892 Hermann,
1012 818 1121 877 Baiter
1144 819 1252 888 (1874)
1276 832 1424 891 procura·

251 934 336 1007 runt,
359 949 422 993 non
447 948 526 1005 opus
550 935 600 992 est
619 935 656 991 ut
675 932 746 991 fuse
766 931 996 991 demonstrem.
1018 931 1079 990 Sed
1099 947 1139 989 ne
1159 930 1272 989 horum
1291 930 1425 1001 quidem

252 1045 346 1119 curie,
378 1046 454 1105 licet
485 1046 525 1103 iis
553 1045 655 1104 nubes
680 1043 855 1103 lectionum
881 1058 921 1102 ex
945 1043 1077 1115 optimis
1101 1043 1190 1101 libris
1215 1058 1294 1101 mss.
1319 1043 1427 1113 iisque

251 1161 401 1218 accurate
415 1151 436 1226 ²)
468 1158 616 1217 excussis
647 1157 823 1229 petitarum
848 1171 1067 1228 numerusque
1091 1156 1204 1228 ingens
1229 1156 1426 1214 coniectura-

252 1287 324 1329 rum
349 1286 368 1329 a
392 1271 588 1329 doctissimis
612 1269 792 1343 philologis,
816 1269 848 1326 in
874 1268 990 1340 quibus
1012 1267 1131 1340 Cobeti,
1152 1268 1320 1341 Badhami,
1342 1268 1426 1326 Mad-

254 1383 330 1455 vigil
349 1383 481 1441 nomina
500 1385 654 1453 tanquam
677 1381 763 1440 soles
783 1381 962 1454 splendent,
983 1380 1181 1452 prolatarum
1201 1382 1251 1438 tot
1270 1382 1428 1451 tantaque

253 1495 396 1554 subsidia
427 1495 565 1567 offerret,
597 1494 747 1552 Politiam
778 1493 949 1565 pristinam
978 1492 1117 1550 formam
1142 1492 1340 1564 pristinaque
1366 1471 1454 1551 sua

253 1610 443 1666 ornamenta
474 1623 511 1666 ac
542 1608 655 1666 decora
680 1621 886 1678 recuperasse
914 1606 946 1663 in
975 1606 1043 1663 dies
1068 1605 1253 1663 etiamnunc
1278 1621 1430 1665 crescens

253 1720 516 1779 emendationum
540 1720 807 1778 acutissimarum
830 1733 985 1777 numerus
1010 1718 1115 1776 lucide
1140 1719 1290 1777 ostendit.

298 2061 442 2120 Platonis
464 2059 614 2118 Politiam
639 2074 680 2117 ex
703 2059 744 2117 iis
767 2058 901 2131 dialogis
925 2073 996 2117 esse
1021 2060 1075 2130 qui
1095 2058 1279 2118 hominibus
1298 2072 1432 2130 semper

253 2177 398 2235 maxime
428 2175 606 2247 placuerint
638 2174 671 2232 et
701 2174 909 2246 pulcherrimi
942 2173 1000 2232 visi
1025 2174 1101 2248 sint,
1126 2188 1189 2232 non
1213 2173 1308 2231 modo
1331 2163 1431 2232 inter·

253 2288 470 2362 pretationum
506 2279 539 2359 3),
583 2289 638 2346 sed
682 2287 782 2345 etiam
825 2288 1003 2346 editionum
1039 2281 1062 2356 4)
1098 2303 1237 2360 magnus
1272 2269 1432 2346 numerus

256 2473 475 2481 -.-.-—-——

290 2587 310 2648 ¹)
326 2592 364 2637 De
382 2604 432 2648 quo
450 2590 576 2648 imprimis
594 2590 680 2635 valent
698 2603 763 2648 quae
782 2591 923 2636 Schanzius
941 2591 967 2635 in
987 2591 1139 2648 „Bestgruss
1154 2591 1199 2637 der
1214 2592 1305 2637 Philol.
1321 2592 1433 2638 Gesella.

256 2685 277 2716 z.
295 2670 437 2727 Wiirzbnrg
460 2672 523 2715 1868
542 2683 566 2726 p.
584 2669 632 2714 97”
648 2669 751 2727 scripsit
773 2670 807 2725 ,Si
823 2670 881 2727 quis
895 2670 1045 2728 scriptorem
1062 2684 1120 2716 cum
1135 2672 1220 2717 fructu
1236 2673 1345 2716 tractare
1360 2671 1433 2727 velit,

256 2751 281 2795 in
304 2763 334 2795 eo
356 2749 519 2807 potissimum
538 2748 669 2793 elaborare
688 2748 765 2793 debet
782 2752 812 2794 51
831 2751 886 2794 5155
904 2761 1047 2795 5511555551
1067 2763 1144 2807 quam
1163 2750 1354 2796 accuratissime
1372 2764 1433 2809 per-

256 2832 353 2884 noscat,
370 2829 467 2886 quippe
485 2839 543 2872 cum
560 2826 608 2872 hac
625 2840 652 2872 re
670 2827 807 2873 maximam
826 2830 926 2885 partem
944 2831 970 2873 et
987 2841 1029 2873 ars
1044 2828 1231 2887 interpretandi
1245 2831 1271 2874 et
1286 2841 1327 2874 ars
1342 2829 1434 2874 critica

257 2908 433 2953 contineatur’.

288 2981 308 3042 2)
325 2985 388 3031 Vide
406 2978 863 3046 8555551155155(8555151.51115.
881 2969 905 3045 1)
927 2986 981 3040 „Ad
998 2989 1115 3032 veterum
1136 2985 1216 3032 libros
1230 2989 1299 3032 recte
1318 2984 1436 3031 edendos

257 3065 301 3123 qui
315 3064 437 3109 accedere
445 3063 508 3118 vult,
523 3062 673 3119 primarium
689 3062 744 3107 eius
758 3075 852 3108 munus
863 3066 902 3109 est
912 3065 1013 3110 codices
1023 3079 1100 3123 quam
1110 3066 1301 3111 accuratissime
1312 3068 1436 3111 excutere

258 3146 284 3188 51
306 3155 371 3199 quae
394 3143 460 3187 inter
482 3141 596 3197 singulos
618 3140 694 3185 unius
718 3140 850 3199 scriptoris
873 3139 952 3188 libros
975 3144 1041 3189 ratio
1064 3144 1213 3200 intercedat,
1236 3129 1438 3201 diligentissime

258 3221 398 3279 explorare.
423 3220 487 3266 Nam
512 3218 651 3276 superioris
676 3219 767 3264 aetatis
793 3231 849 3264 mos
872 3220 932 3264 hinc
955 3220 1026 3266 illinc
1050 3222 1187 3267 lectionem
1211 3236 1277 3280 quae
1303 3223 1438 3269 arridebat

258 3299 413 3358 decerpendi
427 3297 503 3343 hodie
517 3297 615 3343 desitus
629 3299 668 3342 551
682 3297 740 3353 5511,
756 3310 814 3343 5515
829 3311 878 3343 555
894 3299 945 3360 iam
958 3296 985 3344 id
1001 3302 1092 3357 agatur
1106 3303 1136 3346 51
1149 3302 1269 3360 scriptori
1288 3303 1437 3359 elegantiae

260 3379 437 3432 obtrudantur,
455 3376 500 3422 sed
517 3379 547 3422 51
564 3376 710 3434 exploretur
728 3376 791 3433 quid
810 3377 842 3421 ab
861 3389 891 3421 eo
909 3378 1033 3435 scriptum
1051 3379 1084 3423 sit
1101 3379 1187 3424 vere.”

293 3454 468 3520 1)0151151551
491 3456 665 3502 verterunt
686 3453 775 3500 Latine
799 3455 925 3501 Antonius
950 3457 1099 3503 0555511555
1122 3453 1242 3521 (8155155,
1263 3459 1295 3515 (15
1313 3473 1363 3517 quo
1381 3461 1437 3506 vid.

257 3535 420 3592 Philologum
444 3534 515 3580 1858.
537 3535 620 3579 Homo
643 3535 759 3579 mortuns
782 3536 822 3580 est
846 3547 912 3579 anno
938 3537 1001 3580 1444
1024 3549 1048 3594 p.
1073 3536 1117 3582 ch.
1141 3538 1184 3593 5.),
1208 3537 1311 3583 Ficinus
1337 3536 1438 3604 (1482),

259 3613 395 3661 Gornarius
412 3608 509 3671 (1561),
527 3611 652 3657 Serranus
671 3611 755 3668 (1578)
771 3637 802 3644 -
817 3609 914 3658 Batnae
930 3613 960 3658 D.
979 3614 1078 3671 Burger
1092 3609 1179 3677 (1849)
1195 3641 1224 3648 -
1243 3615 1335 3662 Gallice
1347 3617 1437 3663 Ludo·

257 3695 329 3739 vicus
354 3691 451 3748 Regius
476 3685 572 3753 (1559),
597 3689 629 3734 de
656 3689 680 3734 la
705 3686 878 3737 Ρ111115551515
902 3692 976 3748 (1726
1001 3690 1101 3751 Lond.),
1126 3693 1196 3739 Grou
1220 3691 1256 3752 (ΙΙ
1283 3695 1322 3740 ed.
1350 3695 1438 3758 1851),

258 3775 287 3821 N.
312 3772 406 3819 (louein
430 3765 525 3833 (1822),
548 3769 576 3814 Α.
600 3770 705 3814 Β551155
730 3764 816 3832 (1876)
834 3796 867 3804 -
885 3769 1023 3817 Gerananice
1043 3771 1270 3829 Schleiermacher,
1293 3774 1439 3820 Schneider

258 3849 296 3915 (ΙΙ
319 3851 359 3897 ed.
383 3844 467 3912 1850),
490 3849 521 3894 H.
545 3847 638 3894 Miiller
662 3842 758 3910 (1855),
782 3849 905 3908 Wiegand
931 3846 1053 3912 (1855,6),
1076 3848 1163 3895 Prantl
1190 3848 1285 3913 (1857),
1311 3853 1341 3898 G.
1367 3853 1439 3900 Hess

259 3925 346 3993 (1884)
357 3955 386 3962 -
398 3925 542 3973 Britannice
558 3927 639 3985 Spens
656 3921 733 3988 (1763
752 3925 858 3989 Glasg.)
877 3930 899 3975 J.
918 3928 947 3973 L.
963 3928 1056 3973 Davies
1073 3929 1122 3973 and
1137 3931 1161 3976 J.
1176 3931 1205 3974 D.
1222 3932 1343 3989 Vaughan
1361 3929 1384 3994 (Ι
1395 3933 1438 3979 ed.

261 4005 346 4071 1852),
363 4010 399 4055 W.
417 4007 447 4052 L.
462 4008 590 4062 Newman,
608 4007 702 4053 Jowett
716 4032 747 4039 -
761 4004 851 4053 Italiae
865 4008 929 4065 Eug.
945 4004 1032 4052 Ferrai
1048 4003 1135 4071 (1882)
1151 4011 1177 4054 51
1191 4011 1319 4068 Ruggiero
1333 4012 1439 4067 Bonghi

261 4084 347 4152 (1883)
365 4099 463 4132 necnon
482 4086 525 4131 alii
542 4086 568 4130 in
586 4086 664 4131 alium
684 4098 835 4131 sermonem.

293 4163 313 4226 4)
341 4166 476 4212 Civitatem
499 4163 675 4209 ediderunt
700 4165 803 4221 praeter
827 4163 928 4219 Aldum,
952 4165 1101 4223 Oporinnm,
1121 4166 1270 4224 Hopperum
1288 4167 1439 4225 Stephanus

260 4242 358 4308 (1578),
375 4244 448 4290 adm,
465 4244 567 4300 Massey
584 4243 657 4299 (1713
676 4243 800 4300 0551515),
817 4242 837 4288 Ι.
857 4243 877 4288 Ι.
896 4244 1047 4289 8151551555
1065 4244 1087 4301 (Ι
1105 4245 1143 4289 ed.
1164 4247 1236 4300 1805,
1253 4247 1323 4306 Eri),
1341 4247 1368 4292 F.
1388 4248 1440 4294 Ast

261 4321 338 4389 (1804
351 4341 375 4366 =
391 4325 462 4379 1820,
482 4324 554 4376 1814,
575 4322 658 4384 1822),
675 4322 775 4367 Bekker
793 4322 869 4377 (1825
886 4319 986 4378 Lond.)
1001 4322 1144 4368 Stallbaum
1160 4320 1242 4381 (1829.
1260 4324 1332 4370 1850.
1349 4327 1438 4389 1858),

261 4404 400 4451 Schneider
424 4397 500 4465 (1830
524 4402 584 4458 Lps.
610 4403 672 4446 1841
690 4401 881 4476 Vralisl.u1846
906 4398 1005 4464 Paris),
1023 4404 1152 4448 Hermann
1171 4399 1268 4464 (1852),
1285 4405 1371 4450 Baiter
1389 4404 1438 4469 (IV

262 4484 301 4529 ed.
327 4484 409 4541 1874),
433 4483 456 4528 J.
475 4481 567 4527 Martin
589 4476 637 4542 (La
654 4479 763 4537 Republ.
782 4476 852 4526 8¹eme
869 4479 911 4524 liv.
932 4477 1015 4542 1882),
1033 4481 1061 4526 E.
1080 4482 1110 4527 G.
1127 4481 1215 4539 Hardy
1232 4479 1311 4545 (Book
1329 4483 1341 4526 Ι
1361 4486 1438 4542 1882,

262 4561 363 4626 hond),
387 4559 414 4606 G.
438 4561 469 4605 H.
487 4559 565 4606 Wells
587 4558 667 4614 (Book
687 4558 699 4601 Ι
721 4557 770 4602 and
787 4559 813 4602 II
833 4557 1343 4619 18821550),85111551551(1884),Β.
1362 4561 1437 4611 Aube
