3000 5018
652 252 693 309 95

60 453 89 498 a
132 437 272 500 Platone
302 439 449 499 additum
480 441 674 514 oportuerat.
707 439 848 498 Delenda
882 438 979 512 igitur
1011 454 1126 500 censeo
1159 441 1256 500 verba

63 546 153 610 οὐδὲ
174 554 267 629 Πακρ.
287 557 347 629 κτλ,
366 553 423 614 sed
443 554 639 613 servendum
659 553 813 627 Eurypyli
833 567 951 612 nomen
972 554 1012 612 ab
1026 553 1118 613 Aetio
1132 556 1255 613 temere

65 665 306 727 sollicitatum.

11 772 30 836 1
122 778 279 841 Fortasse
320 796 347 841 o.
390 794 454 840 uno
488 780 555 840 eod.
592 780 764 852 legendum
804 777 903 851 <oi>
943 778 1152 855 Ἀσκληπιάδαι
1186 780 1256 840 sive

11 883 33 948 3
68 891 301 970 Ἀσκληπιάδαι.
345 884 365 977 ΙΙ
408 893 519 953 Malim
550 887 645 952 ἔπειθ’
677 891 800 971 ὕστερον
831 889 938 963 ἄλλους
968 895 1027 953 κτλ.
1060 892 1193 952 Videtur
1222 893 1256 952 in

69 1007 257 1082 archetypo
286 1003 393 1078 ἄλλους
424 1006 566 1081 primum
598 1006 767 1082 excidisse,
799 1006 912 1067 deinde
939 1006 972 1066 in
997 1007 1118 1066 malam
1142 1006 1255 1066 sedem

70 1119 242 1180 insertum
272 1121 384 1181 fuisse.
415 1120 460 1181 De
490 1119 614 1181 dicendi
644 1119 747 1194 figura
776 1135 859 1192 quae
886 1126 982 1197 σχῆμα
1011 1116 1042 1178 ἐκ
1066 1119 1256 1198 παραλλήλου

70 1231 169 1293 diota
194 1234 256 1310 est,
281 1232 343 1294 vid.
368 1233 562 1294 Schenzmm
586 1233 619 1292 in
643 1233 745 1306 ipsius
769 1231 893 1293 00111111.
918 1233 999 1293 Plat.
1024 1233 1123 1294 Novis
1146 1234 1255 1304 (1871)

11 1341 33 1407 J
67 1359 105 1420 p.
146 1348 195 1408 12.
227 1338 248 1430 ΙΙ
279 1347 483 1422 optimorum
515 1345 604 1406 codd.
636 1345 709 1405 lect.
741 1343 849 1421 μικρὰν
880 1350 947 1420 (pro
979 1342 1108 1424 μακρὰν)
1142 1345 1258 1406 δίαιταν

73 1462 171 1536 prob.
191 1461 271 1522 Bkk.
292 1461 387 1522 Sohn.
407 1461 502 1536 Bait,
523 1460 625 1520 male:
647 1458 776 1532 opifices
796 1459 893 1520 breve
912 1461 1043 1533 tempus
1060 1462 1258 1535 praescripta

73 1575 191 1637 diaeta
213 1575 262 1635 uti
284 1590 347 1635 non
369 1589 520 1635 recusare
543 1574 768 1634 demonstrant
791 1573 889 1632 verba
914 1573 946 1631 in
967 1573 991 1632 Ε
1011 1573 1054 1634 in.
1075 1570 1126 1631 καὶ
1145 1572 1257 1652 χαίρειν

75 1686 175 1750 εἰπὼν
197 1698 236 1772 τῷ
258 1688 382 1772 τοιούτῳ
405 1687 494 1771 ἰατρῷ
518 1687 559 1758 εἰς
582 1685 636 1764 τὴν
659 1686 858 1746 εἰωθυῖαν
883 1685 999 1745 δίαιταν
1023 1684 1114 1765 ἐμβάς
1137 1691 1197 1748 κτλ.

11 1796 37 1862 Α
127 1803 311 1877 Phoeylidis
344 1818 460 1864 versus
495 1803 564 1862 erat
599 1802 724 1875 (Bergk.
756 1803 770 1860 Ι
802 1801 839 1860 11.
875 1801 915 1861 10
947 1817 977 1876 p.
1011 1802 1085 1871 359)
1117 1801 1259 1878 δίζησθαι

76 1915 196 1996 βιοτήν,
226 1913 332 1996 ἀρετὴν
364 1909 392 1975 δ’
428 1913 498 1974 ὅταν
530 1907 547 1998 ᾖ
578 1915 643 1993 βίος
674 1912 785 1991 ἀσκεῖν,
811 1930 875 1976 seo.
903 1915 1133 1976 Schneiderum
1158 1916 1257 1986 (Neue

77 2031 152 2092 Jbb.
183 2031 205 2091 f.
237 2030 318 2091 Phil.
350 2031 415 2091 und
446 2030 582 2103 Paedeg.
614 2030 734 2090 Archiv
765 2030 804 2088 18
829 2045 859 2104 p.
884 2029 958 2100 508)
983 2031 1093 2089 autem
1118 2029 1258 2107 δίζησθαι

10 2136 45 2202 R
77 2143 195 2223 βιοτήν,
225 2140 332 2223 ἀρετὴν
365 2138 392 2201 δ’
420 2141 491 2202 ὅταν
514 2135 533 2226 ᾖ
557 2143 622 2221 βίος
646 2138 715 2220 ἤδη.
741 2133 760 2224 ΙΙ
784 2142 855 2203 Non
878 2141 965 2203 male
988 2141 1093 2203 Groen
1118 2160 1147 2204 v.
1172 2144 1257 2204 Prin·

78 2260 185 2319 sterer
208 2256 308 2328 (Pros.
331 2257 426 2327 Plat.)
450 2258 488 2317 oi.
513 2253 532 2334 ἢ
560 2251 651 2332 <η>
675 2255 856 2334 νοσοτροφία
873 2259 933 2333 κιλ,
951 2257 1060 2329 itaque
1082 2258 1258 2318 verisimile

78 2373 133 2434 est
160 2370 272 2444 partic.
297 2371 528 2431 disiunctivem
550 2365 570 2447 ἢ
594 2369 824 2444 haplogrephia
846 2370 880 2429 in
904 2370 969 2430 fere
995 2371 1145 2431 omnibus
1169 2372 1257 2432 codd.

78 2484 251 2548 excidisse.
272 2484 298 2544 E
317 2484 428 2559 paucis
451 2483 539 2544 codd.
561 2484 665 2557 reoipe
677 2479 904 2560 παρακέλευσμα
916 2498 972 2557 pro
984 2479 1202 2561 παρακέλευμα.
1217 2519 1257 2528 -

78 2602 119 2661 In
150 2600 227 2659 Ρο10
256 2600 285 2659 Α
309 2599 407 2659 verba
431 2596 534 2675 σχεδόν
558 2593 591 2675 γε’
612 2618 639 2654 ιι
649 2641 730 2658 .....
756 2595 890 2674 σώματος
914 2597 1038 2657 Socrati
1062 2597 1257 2673 tribuuntur,

78 2715 194 2775 contro
216 2713 387 2775 rationem.
413 2711 646 2772 Stallbaumius
670 2710 780 2781 (1829)
805 2711 915 2771 omnia
937 2712 1010 2772 inde
1034 2727 1053 2770 a
1079 2707 1127 2768 ναί
1148 2708 1189 2787 μδ
1208 2708 1259 2769 ιδν

79 2825 142 2886 Δία
161 2841 265 2900 usque
284 2826 324 2885 ad
342 2823 455 2884 οὐκοῦν
476 2825 520 2894 (in
539 2825 556 2893 5
577 2823 609 2892 0)
631 2823 785 2883 Glauconi
805 2823 919 2883 tribuit
939 2823 1053 2884 deletis
1067 2828 1103 2894 (o.
1118 2823 1197 2884 Ven.
1212 2825 1259 2894 ii)

80 2940 190 3001 verbis
221 2937 298 3010 εἰκός
328 2932 370 3018 γ’,
399 2935 468 3014 ἔφη,
493 2938 584 3013 male,
609 2952 687 2997 nam
712 2938 810 2996 verba
832 2934 864 2996 τὸ
888 2932 920 2996 δὲ
944 2934 981 3014 δὴ
1006 2934 1142 3017 μέγιστον
1166 2938 1259 2998 unice

81 3165 148 3228 Nat
178 3165 220 3245 μὰ
249 3164 300 3226 τὸν
310 3211 391 3227 .....
423 3165 575 3236 δύσκολος.
609 3163 694 3225 Socr.
723 3162 763 3222 Τὸ
788 3159 819 3222 δὲ
844 3162 955 3240 (irim.
980 3163 1123 3241 σώματος.
1151 3162 1259 3222 (11100.

82 3278 177 3353 erute
200 3284 249 3339 κιλ
273 3282 462 3354 receperunt
485 3279 632 3339 Schneid.
658 3278 770 3338 Stallb.
796 3277 905 3348 (1850)
921 3270 941 3344 ¹)
966 3276 1077 3337 Herm.
1100 3276 1259 3336 Sohmelz.

83 3394 260 3471 compteri.
294 3428 334 3437 —
366 3394 443 3453 Post
474 3393 703 3454 vehementem
728 3390 901 3451 Glauconis
925 3387 1175 3449 affirmationem
1200 3386 1261 3458 (ναὶ

82 3505 127 3588 μδι
155 3489 208 3568 τὸν
238 3506 297 3566 Δία
328 3510 388 3577 κτλ)
419 3509 536 3567 iterato
567 3526 599 3584 ηε
627 3520 690 3564 non
714 3518 795 3577 opus
819 3504 879 3578 est,
903 3503 1012 3575 itaque
1037 3502 1260 3575 corrigendum

83 3637 201 3684 censeo
233 3623 291 3682 aut
321 3619 424 3698 σχεδόν
457 3617 510 3699 [γε’]
536 3642 562 3677 ιι
586 3618 720 3690 (aliquot
743 3617 832 3677 codd.
857 3632 883 3676 ο.
909 3615 1029 3676 Galerio
1053 3613 1157 3693 σχεδόν
1180 3615 1209 3674 τί
1230 3636 1262 3695 ηε

83 3737 230 3807 tradunt)
260 3729 366 3811 autri
400 3736 475 3806 [ΓΕ]
510 3729 692 3811 ΠΕραινέροι
723 3733 782 3790 κτλ.
818 3763 856 3772 -
881 3729 987 3789 Verba
1010 3726 1041 3788 ἐν
1064 3727 1157 3805 πόλει,
1179 3745 1261 3802 quae

85 3851 230 3913 Galenus
262 3852 337 3926 post
369 3844 459 3927 ἀρχὰς
493 3847 599 3921 habet,
636 3845 716 3905 mihi
751 3844 862 3918 spuria
896 3844 1046 3903 videntur
1078 3844 1111 3903 et
1142 3843 1261 3902 misere

84 3966 258 4039 languent:
283 3964 355 4037 quis
378 3962 466 4023 enim
489 3964 576 4020 retra
596 3959 706 4018 urbem
728 3953 1006 4036 πορευομένας
1031 3952 1151 4033 ἀρχὰς
1172 3970 1261 4016 voca-

30 4074 61 4142 E
85 4081 145 4141 but
167 4075 330 4158 ἕδραίουςῖ
356 4135 359 4154 ,
393 4076 544 4135 Fortasse
564 4073 768 4134 scribendum
788 4069 962 4152 καθεστώση
983 4084 1040 4144 pro
1060 4068 1262 4149 καθεστηκυίᾳ

86 4193 159 4254 coll.
180 4193 257 4253 nota
277 4190 414 4251 dictione
434 4183 452 4264 ἡ
473 4191 647 4245 καθεστῶσα
665 4180 781 4262 ἡλικία;
799 4183 838 4244 cf.
851 4181 929 4257 Rep.
944 4182 1007 4241 428
1020 4182 1045 4241 E
1058 4189 1264 4259 προεστῶτι,

86 4306 192 4366 452ss
223 4303 254 4364 ἐν
277 4313 317 4386 τῷ
340 4309 547 4381 παρεστῶτι,
570 4298 687 4359 Criton.
713 4296 793 4357 4313
817 4305 852 4378 τῇ
879 4292 1087 4377 τιοιρεστώση
1112 4295 1260 4376 ξυμφορᾷ,

123 4551 143 4616 ¹)
162 4555 252 4602 Stailb.
269 4549 357 4616 (1858)
376 4554 452 4598 etium
471 4550 548 4597 verbu
566 4550 604 4595 καὶ
622 4549 711 4610 γὰρ...
732 4546 842 4597 δύσκολος
860 4542 958 4590 Socrati
975 4541 1072 4588 tribuit.
