3000 5018
608 1349 781 1431 LIBER
804 1349 1032 1432 PRIMUS.

276 1796 352 1856 N.B.
373 1797 541 1857 Lectorem
565 1798 725 1857 monitum
751 1798 822 1857 volo
846 1813 899 1857 me
924 1814 1015 1858 meas
1036 1798 1261 1857 annotationes
1281 1811 1413 1873 compo·

233 1910 339 1970 suisse
369 1911 409 1970 ad
441 1910 644 1970 Stallb'aumii
673 1912 848 1970 editionem
874 1913 1095 1985 stereotypam
1123 1911 1286 1986 „Platonis
1311 1925 1415 1985 opera

234 2024 342 2083 omnia
384 2039 448 2083 uno
484 2024 647 2082 volumine
683 2024 923 2100 comprehensa,
962 2025 1067 2084 1810”
1106 2027 1139 2083 11
1173 2039 1211 2083 ea
1246 2040 1329 2098 quae
1367 2026 1414 2086 ibi

234 2117 363 2195 silentio
393 2137 607 2212 praetermisi,
639 2137 737 2196 tacite
768 2138 920 2210 probasse
952 2143 1045 2210 (quae
1077 2138 1116 2197 ad
1144 2139 1413 2213 orthographiam

234 2251 267 2309 et
287 2250 577 2324 interpunctionem
605 2251 776 2326 pertinent,
800 2267 871 2311 raro
892 2252 1006 2324 attigi).
1028 2251 1191 2311 Editiones
1212 2253 1251 2312 ad
1272 2267 1356 2324 quas
1378 2254 1414 2314 in

234 2363 317 2423 meis
337 2363 423 2423 notis
442 2363 595 2424 lectorem
612 2364 714 2423 refero
734 2365 810 2423 sunt
823 2364 937 2424 haece:
959 2365 1045 2422 Astii
1060 2365 1154 2440 1822,
1167 2365 1305 2425 Bekkeri
1321 2365 1411 2426 1826

234 2477 393 2551 (Priestly,
436 2477 555 2551 Londi,
600 2477 783 2537 Schneideri
829 2479 912 2536 1846
955 2478 1058 2553 (Par),
1094 2478 1273 2538 Hermanni
1312 2480 1413 2556 1852,

233 2590 354 2650 Baiteri
392 2591 475 2650 1895
511 2594 565 2660 i:
601 2592 706 2664 1874),
743 2591 938 2651 Schmelzeri
975 2591 1069 2666 1884,
1103 2590 1280 2651 Wohlrabii
1312 2592 1412 2671 1893,

235 2705 365 2765 Jowetti
389 2706 423 2764 et
446 2704 634 2778 dampbellii
659 2705 742 2766 1894
767 2705 872 2775 (Oxi).

268 2833 335 2888 '⁴
354 2838 458 2886 Unciuis
477 2839 607 2897 quadratis
625 2838 733 2885 delenda
751 2839 851 2900 inclusi,
869 2839 969 2887 uncinis
985 2839 1073 2886 fractis
1090 2839 1215 2886 addenda.

87 2961 147 3018 Peg.
165 2959 250 3020 steph.

279 3051 386 3112 Codex
420 3050 563 3110 Venetus
600 3052 609 3110 t
643 3053 785 3124 (append.
821 3052 848 3110 1.
880 3053 911 3120 4)
943 3052 1038 3125 primi
1072 3050 1145 3110 libri
1176 3052 1413 3124 argumentum

234 3165 385 3240 continet,
411 3165 494 3237 quod
515 3165 555 3224 M.
581 3164 714 3224 Schana
740 3165 771 3223 in
796 3164 875 3224 libro
896 3180 954 3224 suo
983 3164 1106 3239 „Ueber
1128 3165 1157 3224 d.
1182 3164 1274 3224 Plato
1300 3163 1413 3225 Codex

234 3279 263 3339 d.
288 3277 387 3338 Mark.
412 3277 493 3336 Bibl.
518 3277 550 3335 in
573 3277 716 3350 Venedig
743 3277 848 3337 1877”
875 3277 1030 3336 exhibuit.

89 3397 151 3456 327
181 3392 211 3459 Α
278 3392 334 3450 Vir
353 3391 467 3451 doctus
484 3389 516 3450 6.
535 3389 570 3449 G.
584 3390 717 3464 Montijn
730 3390 864 3450 Politiae
878 3390 1000 3473 exordii
1013 3389 1258 3463 simplicitatem
1271 3391 1413 3453 laudans

233 3504 376 3578 apposite
397 3504 477 3562 haec
497 3503 529 3561 in
549 3503 618 3562 suis
639 3502 887 3578 Quaestionibus
900 3504 932 3562 et
944 3502 1220 3575 Explicationibus
1232 3504 1413 3569 Platonicis

233 3618 358 3691 (Ultraj.
382 3617 477 3686 1864)
498 3617 591 3677 dicit:
609 3617 779 3691 „Sciebant
794 3618 920 3675 veteres
934 3617 1076 3674 multum
1088 3631 1203 3689 operae
1216 3632 1413 3680 consumere

232 3733 265 3790 in
288 3731 402 3805 primis
425 3730 617 3803 scriptorum
642 3745 774 3789 suorum
803 3729 919 3789 verbis.
945 3729 1053 3789 Cicero
1077 3731 1117 3789 ad
1142 3731 1288 3790 Atticum
1315 3733 1368 3793 16.
1391 3736 1413 3794 6

236 3844 365 3919 „Habeo
393 3843 545 3903 volumen
569 3844 816 3917 prooemiorum.
842 3843 891 3902 Ex
914 3859 951 3902 eo
976 3844 1093 3916 eligere
1116 3845 1204 3905 soleo
1227 3829 1331 3917 quum
1356 3848 1414 3908 ali·

232 3943 315 4029 quod
350 3956 525 4036 cdyypoppo
556 3956 715 4015 institui.”
748 3958 776 4015 A
801 3957 941 4029 Diogene
965 3958 1092 4018 Laertio
1117 3957 1155 4029 (V
1179 3958 1232 4028 48)
1255 3958 1416 4023 laudatur

229 4070 441 4144 Theophrasti
464 4070 545 4129 liber
567 4069 762 4147 προοιμίων.”

274 4183 372 4243 Recte
405 4183 456 4242 hic
472 4178 493 4252 ¹)
524 4184 557 4242 in
591 4184 696 4243 verbis
727 4182 767 4253 εἰς
798 4185 925 4260 Πειραιᾶ
950 4186 982 4243 ct
1005 4185 1037 4243 in
1063 4185 1127 4246 439
1153 4185 1177 4244 E
1202 4182 1233 4243 εἰι
1258 4188 1417 4266 Πειραιῶς

229 4296 354 4356 codices
377 4296 553 4356 articulum
576 4297 741 4374 omittunt,
762 4298 871 4370 itaque
892 4298 991 4358 etiam
1012 4298 1044 4357 in
1065 4300 1158 4359 3281
1179 4297 1416 4378 1.111ς[ιὸν]

261 4535 281 4603 ¹)
298 4539 444 4586 Demetrius
460 4541 492 4586 de
510 4542 608 4588 Elocut.
627 4542 667 4587 bis
685 4543 748 4588 haec
765 4544 843 4589 verba
862 4544 944 4590 citans
958 4545 1055 4600 (τὸν)
1072 4551 1170 4609 Πειραιᾶ
1189 4546 1300 4605 scripsit.
