3000 5018
742 251 803 311 137

184 436 274 510 φύσει
297 433 381 514 ἅλλα,
403 445 437 519 τῇ
462 431 493 494 δὲ
516 434 592 519 αὐτῇ
617 435 718 507 ταύτά)
741 437 811 496 sine
835 436 930 496 dubio
953 437 1045 497 Plato
1068 439 1140 496 tum
1164 451 1220 511 pro
1244 434 1360 495 αὐτῶν

184 546 284 608 αὐτῶν
308 551 488 625 scripturus
511 547 734 611 fueratdilov.
758 550 914 622 Equidem
934 552 1012 624 puto
1031 551 1160 624 propter
1178 550 1358 610 homoeote-

186 662 297 723 leuton
313 656 335 740 ¹)
371 663 490 737 aliquid
524 665 694 740 excidisse,
728 679 845 738 nempe
879 660 919 740 μὴ
954 661 1018 739 τὴν,
1051 664 1160 735 itaque
1191 662 1359 722 Platonem

140 765 358 850 Oscripsisse
391 774 423 836 τὸ
457 774 511 854 τὴν
550 774 627 853 <ph
661 774 750 853 τὴν>
785 774 880 853 αὐτὴν
910 780 968 835 κτλ.
1000 767 1020 859 ΙΙ
1053 776 1240 850 Complures
1271 776 1359 836 codd.

184 889 273 948 recte
303 889 458 963 praebent
480 886 545 967 οὐχὶ
569 886 688 947 ἐναντία
711 905 767 963 pro
791 887 844 966 οὐχ
868 885 886 966 ἡ
912 887 1038 948 ἐναντία.
1062 890 1142 950 Vide
1166 891 1230 950 455
1254 889 1283 947 A
1307 887 1360 964 οὐχ

185 995 1359 1081 ἡώώαωὴῲαωῶωωωῆωωωιπμωω·

187 1114 316 1192 duntur,
337 1115 384 1174 sic
403 1116 436 1175 in
460 1117 478 1186 ὅ
501 1116 527 1175 Β
551 1116 663 1176 (isloni
687 1117 775 1176 codd.
800 1111 901 1176 ὁτιοῦν
920 1131 976 1190 pro
996 1112 1113 1192 ὁκηοῦν
1133 1115 1296 1178 exhibent.
1319 1147 1358 1157 -

144 1218 168 1285 l)
190 1227 263 1287 Mox
285 1229 355 1288 Par.
379 1220 432 1288 ΑΠ
457 1202 579 1304 μόνονό’
599 1230 739 1290 exhibet.
764 1221 784 1313 ΙΙ
808 1230 916 1289 th
936 1227 1067 1308 ἰατρικὸν
1087 1224 1140 1307 μὲν
1159 1225 1210 1288 καὶ
1230 1226 1361 1306 ἰατρικὸν

187 1337 239 1417 τὴν
270 1339 373 1419 ψυχὴν
407 1338 479 1401 ὄντα
502 1347 578 1403 recle
601 1344 686 1417 prob.
711 1343 857 1403 Schneid.
878 1341 1101 1419 stallbrreoe)
1126 1343 1208 1403 Bait.
1233 1342 1361 1416 Madvig

189 1453 359 1529 (lampbell.
380 1455 473 1515 Prius
492 1455 623 1534 ἰατρικὸν
642 1457 729 1517 idem
749 1455 909 1529 significat
928 1458 1024 1529 atque
1045 1453 1156 1534 ἰατρόν,
1173 1456 1259 1516 sicut
1278 1456 1361 1516 infra

186 1566 351 1627 τεκτονικὸν
375 1563 424 1628 es't
447 1566 577 1646 τέκτονα,
599 1570 709 1643 itaque
732 1569 802 1629 sine
826 1584 925 1629 causa
948 1569 1073 1628 Bekker
1098 1568 1195 1641 (prob.
1215 1568 1308 1627 Aetio
1328 1569 1361 1627 et

189 1681 299 1742 Stallb.
329 1682 377 1743 ed.
410 1681 515 1752 (ioth.)
540 1683 676 1744 coniecit
699 1681 807 1761 ἰατρόν.
832 1683 1011 1743 Hermanni
1035 1682 1204 1742 inventum
1230 1676 1360 1757 ἰατρικὸν

188 1789 239 1869 μέν
270 1791 321 1852 καὶ
351 1793 485 1872 ἰατρικὴν
517 1797 564 1866 (V.
592 1797 617 1856 L
648 1812 692 1857 sc.
714 1796 895 1865 mulierem)
918 1793 973 1872 τὴν
995 1790 1097 1871 ψυχὴν
1121 1789 1207 1863 ὄντας
1229 1808 1360 1866 prorsus

189 1907 433 1982 improbandum
449 1903 480 1986 ³),
501 1911 576 1982 quia
597 1911 720 1970 Socrati
739 1910 881 1970 nondum
903 1910 941 1968 de
958 1908 1148 1969 mulieribus
1161 1907 1361 1967 mentionem

189 2020 292 2083 lacere
312 2022 388 2083 licet
403 2038 462 2084 neo
481 2023 656 2084 Richardso
672 2024 785 2094 (class.
805 2023 843 2083 R.
867 2024 961 2093 1893)
982 2022 1152 2082 conicienti
1164 2017 1295 2098 ἰατρικὸν
1306 2013 1360 2095 μέν

188 2133 236 2194 καὶ
264 2133 396 2214 ἰατρικὸν
423 2134 594 2211 <εέιφοᾶ>
621 2158 644 2195 τ.
667 2149 700 2212 ψ.
720 2158 746 2197 ο.
768 2133 851 2213 (coll.
873 2137 937 2196 455
958 2137 993 2211 B,
1019 2135 1083 2194 409
1103 2134 1139 2203 Ε)
1162 2147 1360 2206 quemquam

188 2261 399 2308 assensurum
420 2249 552 2310 conlido.
573 2250 716 2323 Sequens
736 2246 871 2327 ἐλέγομεν
891 2250 1083 2310 vertendum
1103 2249 1154 2309 est
1177 2246 1359 2323 „existime-

186 2360 324 2423 bamus”
360 2362 470 2438 „nobis
501 2360 628 2440 ἰατρικὸς
659 2365 692 2424 et
723 2361 851 2442 ἰατρικὸς
880 2385 903 2421 τ.
926 2375 960 2438 ψ.
984 2359 1027 2422 ὢν
1050 2363 1185 2423 eandem
1208 2362 1360 2420 naturam

184 2474 305 2537 habere
325 2476 536 2536 videbantur'’
563 2477 613 2537 vel
636 2478 736 2537 simili
755 2478 860 2553 modo,
885 2492 963 2537 nam
981 2477 1154 2550 quominus
1173 2490 1248 2536 curn
1268 2473 1361 2534 Actio

187 2590 374 2664 „diximus”
407 2590 575 2649 vertamus
606 2592 673 2649 iam
704 2590 810 2650 solum
840 2605 980 2663 sequens
1012 2589 1091 2649 illud
1121 2587 1175 2648 οἴει
1198 2587 1360 2661 prohibet:

181 2702 272 2762 Astii
304 2702 443 2763 diximus
474 2703 561 2762 enim
592 2703 791 2777 probandum
823 2706 921 2781 esset,
949 2705 978 2763 si
1008 2718 1065 2776 pro
1088 2701 1142 2762 οἴει
1166 2702 1257 2761 Plato
1281 2697 1300 2777 ἢ
1324 2699 1360 2760 οὐ

179 2792 399 2893 μνημονεύεις;
422 2817 616 2892 scripsisset,
641 2819 675 2877 at
694 2817 727 2876 in
748 2818 947 2891 praegressis
967 2816 1110 2876 nondum
1132 2816 1171 2875 de
1191 2813 1309 2896 ἰατρικῷ
1329 2816 1362 2874 et

178 2926 306 3014 ἰατρικῷ
341 2951 364 2988 τ.
398 2942 432 3005 ψ.
464 2927 526 2988 ὄντι
555 2945 663 2990 sermo
694 2929 764 2990 fuit.
799 2962 839 2972 -
871 2930 909 2989 In
935 2929 1093 3003 proximis
1116 2928 1238 3002 corrige
1262 2924 1361 3005 eutii

183 3042 293 3118 <τι>
331 3039 400 3102 ἄλλο
437 3041 571 3119 [encrate]
607 3046 664 3105 aut
694 3040 713 3120 ἥ
748 3042 850 3117 <τι>
886 3039 979 3121 [tillo]
1011 3040 1198 3119 ἐπιτήδευμα.
1223 3041 1363 3115 Vulgata

179 3172 267 3218 sana
287 3172 352 3216 non
372 3138 432 3218 est.
456 3192 494 3200 -
517 3159 590 3218 Mox
610 3158 697 3219 recte
711 3157 797 3229 (licet
809 3156 940 3231 eampo
953 3156 1192 3231 improbaverit)
1206 3155 1362 3216 Richards

183 3270 301 3342 (Olaee
333 3270 412 3331 Rev.
447 3272 542 3342 1893)
573 3268 725 3350 διαφέρειν
756 3287 812 3346 pro
844 3267 987 3348 διαφέρον
1018 3269 1158 3329 correxit
1186 3264 1362 3345 phoebos

183 3385 306 3444 cannot
336 3384 375 3444 be
407 3385 485 3444 used
517 3385 552 3444 oi
578 3386 643 3444 two
667 3384 819 3459 subjecte,
843 3384 967 3455 though
990 3383 1024 3443 of
1045 3397 1158 3443 course
1182 3377 1362 3459 διαφέροντα

181 3497 294 3569 might
324 3496 405 3573 be”),
431 3513 506 3558 nam
531 3498 658 3558 facilius
682 3498 722 3557 ad
746 3493 898 3574 διαφέρειν
922 3497 1031 3555 mente
1056 3493 1204 3568 supplere
1228 3491 1362 3570 ἀλλήλων

129 3590 142 3656 3
181 3625 287 3684 quem
310 3610 349 3669 ed
373 3606 516 3687 διαφέρον
537 3610 634 3670 verba
657 3609 690 3669 τὸ
710 3607 807 3688 ἕτερον
827 3616 879 3669 τοῦ
900 3604 1008 3686 ἑτέρον.
1029 3599 1049 3690 ΙΙ
1069 3608 1139 3667 Non
1158 3607 1252 3681 pauci
1273 3609 1361 3668 codd.

186 3739 215 3784 c.
237 3722 363 3783 Galeno*
378 3720 429 3781 καὶ
448 3718 547 3800 ὀρθῶς
564 3718 666 3802 <γ’>
691 3723 844 3783 exhibent
863 3723 1017 3796 probante
1038 3720 1155 3781 Stallb⁰
1170 3724 1229 3792 (ed.
1246 3722 1361 3796 Goth),

188 3839 285 3897 recte.
312 3870 352 3879 —
376 3836 437 3897 Pr0
460 3835 616 3912 κελεύομεν
642 3836 753 3896 Stallb.
778 3834 961 3908 requirebat
983 3833 1159 3910 κελεύσομεν
1183 3835 1241 3904 (sic
1263 3834 1362 3893 edidit

221 4140 241 4205 ¹)
264 4140 305 4192 sio
328 4144 406 4204 paulo
429 4147 488 4203 post
504 4145 526 4204 (5
545 4140 574 4207 O)
597 4145 654 4191 Por.
677 4138 708 4189 ΑΙ
730 4146 789 4203 post
807 4145 900 4195 πάντας
919 4141 960 4199 τὴν
978 4141 1049 4200 αὐτὴν
1067 4140 1153 4187 omisit
1169 4138 1247 4185 verba
1264 4139 1302 4183 καλ
1322 4138 1362 4197 τὴν

189 4217 233 4284 (ιο
250 4207 293 4271 r¹¹
308 4223 336 4269 n
354 4237 405 4282 mg.
423 4219 528 4286 arura).

220 4298 239 4364 ²)
257 4301 321 4349 Vide
340 4315 379 4348 ex.
398 4316 436 4360 gr.
454 4302 551 4349 Helleri
569 4301 649 4348 Curae
668 4300 729 4347 crit.
748 4314 773 4360 p.
794 4301 824 4347 19
843 4313 863 4346 s.
883 4300 900 4344 l.

220 4376 240 4442 3)
264 4381 344 4428 Plane
369 4380 528 4441 Gampbellio
553 4380 678 4426 assentior
701 4379 824 4426 scribenti
847 4378 936 4435 „Pluto
963 4376 1040 4425 could
1062 4379 1108 4424 not
1127 4376 1160 4423 be
1176 4375 1257 4434 guilty
1274 4376 1303 4422 of
1318 4376 1362 4422 the

189 4460 340 4508 clumsincse
364 4463 393 4508 of
408 4461 540 4518 assuming
560 4462 589 4506 at
605 4460 649 4506 the
668 4473 729 4518 very
745 4459 885 4517 beginning
902 4457 1069 4516 incidentally
1087 4456 1130 4502 tho
1146 4455 1251 4513 general
1269 4468 1380 4514 propo-1

189 4539 265 4587 silicn
281 4540 366 4587 which
379 4541 412 4587 he
429 4540 481 4590 had
498 4543 524 4587 to
541 4552 620 4604 prove
637 4539 685 4587 vix.
704 4539 748 4585 tho
766 4537 882 4597 aptitudo
900 4538 929 4584 ci
943 4549 1042 4585 women
1059 4536 1099 4582 lor
1116 4533 1149 4581 cll
1167 4530 1306 4592 pnrsuits.’'
1373 4519 1447 4613 :¹332
