3000 5018
806 277 846 337 86

242 467 339 545 βολσρν
363 467 402 526 ab
426 466 533 538 aliquo
557 465 675 539 addita,
700 463 753 536 qui
777 477 840 522 non
864 461 1058 535 intelligeret
1081 459 1277 534 παντοδαπὰς
1299 460 1425 542 μορφὰς

240 577 314 658 ἔχειν
338 580 388 650 (of.
414 580 478 640 389
490 579 519 638 A
544 577 664 636 παντοδ.
688 577 844 656 γίγνεσθαι
863 573 913 634 ιιαῖ
932 574 1028 634 πάντα
1048 579 1213 653 μιμεῖσθαι)
1234 577 1328 637 idem
1349 591 1424 637 osso

240 709 278 754 eo
308 688 501 762 παντοδαπὰς
532 687 694 768 μεταβολὰς
728 687 811 767 ἔχειν.
847 688 1038 749 Dubitanter
1073 690 1240 763 praeterea
1274 705 1424 765 propono

240 802 434 875 παντοδαπὰς
459 800 598 882 [μορφὰς]
625 811 683 862 τῶν
706 803 875 880 μεταβολῶν
895 799 980 880 ἔχειν,
1002 802 1042 863 of.
1065 800 1165 862 3470
1185 809 1237 880 τῆς
1259 796 1291 861 ei
1313 802 1424 880 ζημίας

241 917 368 997 μεγίστη.
393 951 427 958 -
459 917 536 977 Dela
559 919 632 990 post
655 923 705 992 τῆς
728 911 829 987 λέξεως
853 916 952 976 verba
973 911 993 994 λ)
1016 924 1055 998 τῷ
1081 911 1177 999 ἑτέρῳ,
1195 916 1235 976 of.
1256 916 1291 976 in
1312 917 1342 976 D
1362 924 1424 976 τῶν

187 1029 376 1110 Βάνρολτων
406 1029 457 1090 τὸν
488 1026 586 1109 ἕτερον
617 1030 637 1090 i.
670 1045 697 1090 e.
730 1029 934 1091 alterutrum.
968 1021 987 1112 ΙΙ
1020 1028 1101 1090 oum
1129 1030 1200 1091 Par.
1224 1031 1254 1090 A
1277 1030 1425 1104 aliisque

240 1146 329 1206 codd.
361 1144 484 1220 Herm„
516 1143 635 1218 Baiter,
667 1143 852 1203 Schmelzer
884 1140 935 1203 τὸν
966 1145 1040 1217 post
1067 1140 1197 1220 μιμητὴν
1221 1143 1424 1221 omiserunt,

241 1258 337 1333 male,
361 1257 489 1317 utiam
512 1256 627 1316 Aetius
651 1256 896 1316 demonstravit.

96 1369 159 1428 398
188 1364 218 1430 A
285 1371 353 1430 Non
379 1371 464 1430 male
488 1369 643 1430 Richards
663 1367 776 1439 (alass.
798 1368 876 1429 Rev.
899 1369 995 1440 1893)
1015 1369 1114 1431 dubit.
1136 1371 1174 1431 oi.
1195 1374 1425 1449 προσκυνοῖμεν

247 1479 371 1561 <μὲν>
396 1479 433 1541 ἂν
452 1487 510 1542 κτλ.
530 1483 713 1544 Bekkerum
733 1478 803 1542 οὐδὲ
821 1479 909 1560 θέμις
929 1485 1143 1557 corrigentem
1164 1498 1220 1558 pro
1241 1479 1312 1543 οὔτε
1332 1480 1426 1562 θέμις

196 1590 221 1658 0
243 1599 329 1659 recte
353 1597 456 1658 secuti
476 1597 554 1657 sunt
574 1597 685 1657 Herm.
706 1597 789 1656 Bait.
810 1596 1003 1657 Schmelzer.
1026 1588 1044 1679 ΙΙ
1066 1597 1211 1657 Platonis
1230 1596 1269 1658 de
1290 1597 1426 1659 musica

243 1711 441 1772 sententiam
472 1714 505 1772 et
535 1711 590 1771 alii
620 1709 926 1771 etR.Wssr1³1mc
953 1711 1085 1782 (Plato’s
1108 1711 1340 1786 Beziehungen
1364 1729 1426 1773 zur

243 1824 357 1885 Musik.
382 1824 465 1884 Berl.
491 1824 602 1884 Philol.
627 1822 797 1885 Wochens.
822 1823 866 1883 IV
890 1825 1053 1900 ola—18,
1079 1827 1152 1895 eto.)
1175 1825 1340 1900 exposuit.
1365 1827 1424 1887 Le·

242 1938 384 2011 gendum
406 1939 484 2012 puto
508 1937 590 2008 (coll.
616 1937 717 1997 399E
740 1935 773 1996 ιδ
795 1933 861 2015 περ)
884 1935 1033 2016 ῥυθμούς)
1056 1934 1088 1996 τὸ
1112 1934 1176 2016 περὶ
1202 1937 1282 2021 ᾠδῆς
1307 1938 1425 2019 τρόπον

243 2055 309 2124 (pro
331 2048 464 2129 τρόπον).
489 2049 560 2110 Vox
582 2048 693 2128 τρόπον
718 2065 744 2109 s.
768 2046 878 2127 τρόπον
902 2049 1002 2110 etiam
1026 2050 1066 2110 ad
1090 2054 1184 2127 petav
1209 2052 1363 2126 pertinet.
1380 2087 1424 2097 —

243 2162 348 2224 Verba
375 2155 423 2222 οἷα
447 2162 496 2222 δεῖ
514 2155 590 2221 εἶναι
613 2162 723 2236 spuria
746 2162 823 2222 sunt
847 2164 880 2223 et
904 2177 1002 2223 sensu
1027 2177 1139 2224 vacua.
1166 2163 1313 2238 suspicio
1339 2165 1425 2226 mihi

243 2276 414 2350 aliquando
444 2276 556 2336 incidit
587 2276 727 2348 aliquem
758 2291 815 2350 pro
845 2271 865 2333 d
895 2275 965 2336 coll.
997 2277 1206 2348 sequentibus
1236 2271 1318 2338 ποῖ’
1348 2275 1424 2338 ἅττα

245 2387 294 2447 δεῖ
298 2433 369 2447 .....
392 2385 484 2468 λέγειν
509 2387 628 2461 requiri
648 2379 696 2446 ολα
719 2388 829 2447 ratum
852 2388 885 2446 in
908 2403 974 2461 mg.
1000 2390 1173 2450 annotasse
1198 2381 1246 2448 οἷο
1267 2389 1319 2449 δεῖ
1333 2383 1425 2468 εἶναι,

245 2503 328 2575 quod
350 2502 423 2563 dein
444 2503 627 2563 intextum
651 2503 695 2563 sit
717 2502 857 2563 illatum.
884 2536 924 2545 —
950 2502 1132 2577 Stephanus
1155 2518 1172 2564 e
1195 2504 1309 2578 paucis
1329 2506 1423 2567 codd.

249 2615 431 2689 <τούτονν>
469 2625 527 2676 τῶν
561 2615 681 2676 πάντων
716 2618 824 2694 edidit,
859 2633 921 2690 quo
957 2617 1177 2679 additamento
1207 2618 1337 2680 articuli
1371 2619 1425 2680 vis

191 2733 221 2797 l)
244 2732 336 2805 perit.
357 2725 376 2813 11
398 2731 467 2792 Sec.
492 2730 633 2806 oampb.
647 2731 718 2791 Par.
743 2732 772 2791 A
797 2728 833 2790 od
858 2727 913 2809 γὰρ
937 2721 993 2791 οδν
1016 2732 1148 2793 exhibet
1171 2733 1205 2792 et
1226 2732 1260 2792 in
1282 2732 1301 2802 δ
1325 2733 1351 2793 R
1377 2734 1422 2794 in.

244 2835 298 2903 ΑῙῙ
326 2823 569 2904 σνντονδλαδιστί
589 2846 686 2915 (siout
708 2844 787 2905 Van.
809 2846 842 2901 Π
860 2843 998 2904 σύντονοι
1019 2843 1152 2916 λυδιστί).
1173 2845 1218 2907 Da
1239 2846 1425 2908 harmoniis

246 2956 309 3017 vid.
330 2973 412 3030 quae
432 2957 610 3032 disputavit
631 2956 663 3018 0.
683 2974 714 3018 ν.
735 2958 801 3018 1111
821 2957 854 3016 in
874 2957 979 3018 Fleck.
993 2957 1062 3018 Jbb.
1077 2958 1127 3018 bd.
1142 2958 1184 3018 95
1198 2963 1237 3033 (p.
1252 2959 1424 3031 815-26)

194 3067 221 3131 u
248 3071 317 3146 „die
349 3071 510 3132 Tonarten
540 3071 591 3131 bei
622 3071 736 3131 Platon
766 3071 813 3130 im
838 3073 888 3131 8ΘΠ
912 3071 1021 3132 Buche
1044 3072 1073 3132 d.
1099 3072 1198 3146 Rep.'’
1224 3063 1243 3156 ΙΙ
1267 3072 1424 3135 Doctissi·

247 3200 321 3245 mus
343 3185 382 3244 Α.
407 3184 494 3244 Platt
517 3184 630 3255 (alass.
655 3184 734 3245 Rev.
761 3184 857 3255 1889)
880 3185 974 3259 putat
997 3185 1103 3246 verbis
1128 3181 1264 3263 ἄχρηστοι
1288 3183 1345 3266 γὰρ
1372 3186 1426 3248 καὶ

244 3296 392 3376 γυναιξίν,
414 3292 449 3368 ἃς
473 3296 522 3356 δεῖ
542 3295 675 3368 ἐπιεικεῖς
699 3289 775 3356 εῖναι
799 3297 925 3372 Sappho
940 3332 979 3340 -
994 3313 1092 3370 quam
1115 3299 1333 3361 Aristoxenus
1359 3305 1424 3378 (ap.

245 3410 406 3472 Plutarch.
435 3411 474 3472 de
506 3411 632 3471 musica
665 3413 715 3481 16)
747 3409 867 3489 πρώτην
898 3407 1039 3489 εὑρέσθαι
1071 3408 1124 3488 τὴν
1152 3410 1335 3489 μιξολυδιστὶ
1359 3416 1425 3476 tra·

246 3523 326 3583 didit
350 3557 390 3566 -
414 3524 500 3585 tecte
524 3539 543 3584 a
567 3523 701 3584 Platone
724 3524 882 3584 notatam.
903 3525 994 3585 idem
1015 3525 1082 3584 iam
1101 3540 1199 3599 supra
1219 3526 1333 3596 (387R
1350 3528 1426 3601 ult.)

247 3631 366 3713 „opho‘oq
397 3630 442 3713 ἄρ’
473 3632 510 3694 διν
533 3633 697 3715 ἐξαιροῖμεν
720 3635 811 3708 τοὺς
834 3635 1096 3715 θρήνους....,
1118 3635 1235 3716 γυναιξὶ
1258 3633 1291 3698 δὲ
1315 3636 1428 3701 διποδι-

245 3748 346 3826 δοῖμεν
370 3746 435 3807 ιιαῖ
458 3744 551 3808 οὐδὲ
575 3749 737 3820 ταύταις
758 3748 1022 3821 σπουδαῖαις”
1043 3750 1170 3812 dixerat
1189 3751 1291 3812 Plato.
1305 3752 1427 3828 Argivi

244 3878 370 3936 quoque
390 3877 440 3938 ap.
462 3862 623 3922 Plutarch.
641 3860 673 3939 (l.
687 3862 709 3923 l.
723 3860 777 3940 37)
791 3863 963 3923 traduntur
975 3864 1118 3940 ζημιῶσαι
1130 3862 1181 3923 ιδν
1194 3861 1427 3945 ἐπιχειρήσαντα

243 3984 360 4053 πρῶτον
390 3980 450 4047 τοῖς
480 3974 593 4034 πλείοσι
622 3983 680 4034 τῖον
711 3971 782 4034 aava
812 3973 981 4054 χρήσασθαι
1011 3970 1077 4054 παρ’
1105 3975 1207 4048 αὐτοῖς
1230 3977 1346 4056 χορδῶν
1373 3979 1427 4041 καλ

242 4087 540 4168 παραμιξολυδιάζειν
571 4085 801 4168 ἐπιχειρήσαντα.
831 4123 872 4130 -
897 4070 1081 4164 Stephanus
1106 4087 1182 4168 (non
1204 4091 1426 4156 dissentiente

242 4204 419 4265 Richardso
450 4204 483 4262 in
515 4192 616 4263 olass'.
649 4201 727 4262 Rev.
763 4199 859 4279 1898)
891 4203 1074 4275 requirebat
1109 4197 1200 4280 <ἡ>
1228 4203 1427 4280 μιξολυδιστλ,

246 4312 336 4393 <ἡ>
372 4315 450 4375 ἰαστί
478 4318 511 4377 et
542 4317 575 4375 in
608 4316 671 4376 999
685 4316 714 4375 Α
748 4309 839 4392 <ἡ>
875 4314 1002 4394 δωριστί,
1032 4316 1089 4376 sed
1121 4317 1221 4378 etlam
1252 4333 1303 4393 ap.
1337 4321 1426 4383 alios

241 4431 414 4505 scriptores
449 4431 504 4491 illa
538 4431 671 4492 nomina
704 4430 825 4503 absque
856 4431 992 4492 articulo
1024 4432 1206 4492 occurrunt.
1239 4432 1277 4491 In
1309 4433 1328 4502 a
1360 4434 1424 4496 ult.

240 4544 397 4605 Richards
429 4541 543 4622 (oless.
569 4544 648 4605 Rev.
676 4541 772 4622 1898)
797 4544 895 4604 verbe
918 4541 1025 4614 οἵτινες
1048 4540 1173 4623 χαλαροὶ
1195 4546 1359 4604 καλοῦνται
1384 4549 1424 4608 ut
