3000 5018
815 298 878 359 106

204 468 362 549 Opaucis
396 483 484 543 codd.
520 484 581 543 Ast
615 485 697 554 (coll.
729 486 790 544 341
823 484 858 553 Ε)
890 482 1073 543 rectissime
1105 476 1152 538 tal
1174 477 1270 561 τούτῳ
1293 477 1389 551 legit.
1419 474 1435 557 {l

254 589 331 649 Par⁰
359 594 387 652 A
417 590 524 665 πλέους
555 597 719 657 exhibenti
751 596 836 655 male
868 596 1014 655 recentes
1037 593 1128 653 editt.
1153 589 1441 665 obtemperarunt,

255 703 316 763 vid.
348 706 387 765 ad
420 708 484 767 330
505 709 543 768 A.
567 709 653 769 Nihil
676 710 819 783 ineptius
842 707 976 781 cogitari
999 707 1107 780 potest
1130 720 1233 779 quam.
1253 704 1287 764 in
1313 703 1442 764 talibus

253 816 421 890 seripturis
440 821 566 881 Platoni
587 822 841 882 inconstantiam
861 821 1011 881 tribuere.
1032 852 1072 862 -
1090 818 1237 891 Plerique
1254 817 1348 877 codd.
1362 816 1442 877 exh.

251 930 431 1007 τριπλασίοις
454 931 563 1011 αὐτῶν,
585 936 669 1008 quod
693 950 757 995 non
776 934 958 1009 improbare
979 933 1107 993 videtur
1128 930 1240 992 Heller
1259 928 1336 991 (iur.
1359 927 1442 989 crit.

252 1057 281 1115 p.
315 1045 372 1119 23;
405 1046 440 1106 at
470 1045 569 1106 αὐτῶν
593 1049 645 1108 hie
668 1049 890 1109 necessarium
914 1062 987 1107 esse
1007 1046 1092 1106 sicut
1115 1042 1205 1116 αὐτὸς
1228 1041 1325 1103 αὑτοῦ
1350 1044 1441 1117 apud

204 1157 232 1222 u
255 1159 493 1231 comparativos
515 1162 602 1221 recte
625 1160 691 1221 iere
715 1175 829 1220 omnes
849 1160 939 1220 editt.
960 1152 1153 1221 iudicarunt.
1168 1147 1308 1237 ssverba
1327 1153 1441 1234 ἑκάστη

254 1266 309 1346 γὰρ
337 1268 436 1329 αὐτῶν
448 1316 555 1330 ......
567 1271 733 1344 παιζόντων
757 1273 847 1333 editt.
872 1271 927 1332 alii
951 1272 1046 1331 aliter
1069 1270 1333 1345 explicaverunt;
1358 1271 1439 1345 quid

253 1381 322 1455 ipse
342 1384 493 1456 sentiam,
514 1386 545 1445 id
564 1388 693 1445 tantum
716 1386 870 1446 dicam.E
891 1385 1008 1445 Suidae
1021 1389 1057 1455 (s.
1073 1400 1102 1445 v.
1115 1381 1210 1454 πόλις)
1223 1386 1256 1444 et
1267 1383 1437 1446 Eustathii

254 1472 304 1554 (ιο
340 1496 454 1570 odyss.
490 1498 505 1557 1
539 1516 569 1573 p.
603 1501 654 1575 ro,
690 1501 729 1559 13
761 1515 829 1571 sqq.
862 1499 911 1559 ee.
936 1498 1033 1571 nipe.)
1059 1497 1167 1556 verns
1190 1495 1307 1571 corrigo
1331 1498 1435 1559 rurae

253 1599 331 1678 εἶδός
364 1630 391 1668 τι
425 1609 546 1681 παιδιᾶς
581 1612 650 1671 sive
683 1610 805 1689 κυβείας
841 1608 917 1688 (vid.
951 1609 1055 1670 Schol.
1088 1610 1213 1670 Platon.
1246 1620 1433 1690 πεττευπιπῆς

253 1722 384 1794 παιδιᾶς)
415 1725 614 1798 appellatum
643 1723 740 1801 πόλιν,
769 1726 803 1786 in
834 1741 896 1798 quo
924 1725 998 1784 ludo
1022 1724 1171 1784 ludentes
1195 1723 1309 1785 tabula
1327 1725 1434 1786 divisa

253 1835 286 1893 in
305 1833 410 1914 χώρας,
431 1852 513 1909 quae
533 1836 631 1908 πόλεις
652 1839 873 1911 (quamobrem
893 1838 988 1897 ludus
1001 1838 1177 1897 vocabatur
1187 1835 1289 1908 πόλεις
1300 1836 1445 1913 παίζειν;

254 1949 368 2010 calculi
398 1952 467 2011 sive
497 1960 597 2029 ψῆφοι
622 1954 819 2013 vocabantur
841 1952 939 2022 κύνες)
965 1952 1221 2028 nominarentur,
1245 1952 1296 2012 uti
1319 1951 1453 2015 solltos

253 2077 336 2139 esse,
377 2064 481 2137 deque
522 2065 696 2126 ledentibus
737 2065 836 2125 dicere
877 2065 995 2123 licitum
1032 2064 1129 2138 sutem
1169 2062 1288 2123 πόλιν
1322 2065 1465 2127 babae

254 2174 397 2247 πόλεις.
428 2177 562 2238 Videtur
594 2179 666 2238 inde
696 2176 840 2256 παροιμία
873 2180 950 2237 nata
974 2192 1047 2237 esse
1069 2176 1169 2247 πόλεις
1191 2176 1347 2255 παίζομεν,
1369 2193 1466 2251 qua

254 2289 432 2348 indicarent
462 2290 504 2365 id,
537 2290 575 2350 de
599 2305 660 2362 quo
685 2291 976 2366 confabularentur,
1001 2304 1065 2349 non
1089 2286 1191 2349 unum
1215 2291 1325 2351 totum
1347 2305 1466 2365 esse,

255 2402 311 2463 sed
343 2405 489 2463 constare
521 2419 538 2464 e
566 2405 680 2464 multis
703 2405 848 2478 partibus
867 2404 1085 2477 homonymis.
1106 2404 1182 2463 ideo
1203 2404 1302 2465 verba
1320 2401 1354 2463 τὸ
1372 2410 1467 2463 τῶν

254 2512 419 2584 παιζόντων
434 2510 454 2585 ¹)
497 2519 653 2577 vertenda
690 2532 805 2577 censeo
842 2520 898 2593 ,ut
932 2517 1082 2578 ludentes
1117 2517 1261 2593 dicunt’',
1297 2532 1361 2609 non
1393 2515 1467 2577 ut

254 2626 384 2687 Ficinus
398 2621 419 2697 ²)
451 2628 527 2689 feeit
562 2632 617 2704 ,ut
641 2645 730 2689 more
754 2630 931 2689 iocantium
957 2629 1101 2705 loquar”,
1126 2629 1201 2701 quia
1224 2631 1465 2705 proverbium

255 2742 325 2800 erat
347 2740 444 2813 πόλεις
468 2741 620 2818 παίζομεν,
642 2757 706 2802 non
728 2741 812 2812 πόλις
836 2738 891 2801 εἰσὶ
910 2739 1009 2812 πόλεις
1027 2740 1207 2818 πάμπολλαι.
1228 2742 1461 2817 Ubicumque

195 2884 198 2890 ·
255 2855 338 2914 enim
375 2855 459 2928 apud
494 2855 664 2915 Platonem
698 2855 837 2915 formula
863 2853 895 2913 τό
927 2863 986 2913 τῶν
1016 2853 1184 2925 παιζόντων
1215 2854 1378 2930 significat
1403 2849 1458 2913 τό

253 2966 422 3046 λεγόμενον,
448 2968 653 3041 proverbium
683 2969 735 3028 vel
758 2968 855 3028 dictio
878 2968 1089 3042 proverbialis
1111 2968 1300 3029 immutatis
1325 2966 1453 3031 verbis

191 3139 193 3143 .
255 3080 364 3140 addita
395 3082 456 3155 est,
488 3080 527 3140 cf.
556 3081 634 3154 Rep.
660 3082 724 3141 573
749 3080 772 3140 Ο
795 3078 827 3139 τό
849 3089 908 3139 τῶν
932 3079 1098 3152 παιζόντων
1121 3088 1207 3141 τοῦτο
1231 3079 1269 3141 σὺ
1293 3079 1344 3141 καὶ
1367 3073 1451 3159 ἐμοὶ

254 3191 337 3272 ἐρεῖς,
367 3194 463 3267 Legg.
498 3194 561 3254 780
592 3194 615 3254 Ο
645 3201 753 3252 ποιοῦν
776 3191 828 3252 τόν
850 3190 1030 3272 νομοθέτην,
1052 3191 1084 3253 τὸ
1108 3203 1166 3254 τῶν
1190 3193 1369 3272 παιζόντων,
1389 3187 1450 3258 εἷς

252 3315 313 3386 πῦρ
349 3305 459 3378 ξαίνειν
493 3310 551 3365 κτλ.
587 3307 674 3382 Quae
706 3307 734 3366 si
766 3308 852 3367 recte
884 3308 1057 3383 disputavi,
1085 3309 1154 3368 iure
1185 3308 1352 3384 probanda
1380 3302 1450 3368 oet

254 3420 461 3479 Herwerdeni
493 3419 566 3490 (lin.
602 3396 696 3489 ima)
727 3420 825 3479 verba
855 3414 914 3478 αλλ’
940 3418 976 3479 οό
1006 3418 1090 3491 πόλις
1116 3421 1268 3481 exsulare
1291 3414 1450 3482 iubentis

254 3532 446 3594 emendatio.
481 3531 644 3606 campbell
676 3533 757 3592 duas
789 3533 1021 3606 explicationes
1044 3532 1141 3609 dedit,
1167 3548 1307 3606 quarum
1331 3541 1450 3597 unam

253 3645 383 3703 tantum
424 3647 535 3719 utpote
574 3646 717 3705 nondum
752 3645 913 3719 prolatam
949 3646 1154 3706 memorabo:
1189 3660 1294 3721 ,may
1328 3646 1451 3708 either

254 3773 351 3818 mean
382 3760 418 3828 (I)
448 3774 494 3831 ,as
516 3760 627 3834 people
650 3760 805 3833 jestingly
829 3762 898 3833 say’
923 3760 955 3819 in
980 3760 1118 3820 allusion
1141 3762 1175 3820 to
1199 3775 1292 3821 some
1315 3760 1452 3836 savini

254 3868 290 3930 αὖ
314 3869 398 3942 πόλις
421 3868 494 3929 ἀλλὰ
517 3870 616 3942 πόλεις
640 3876 686 3942 (or
709 3876 817 3948 πολεῖς,
840 3874 895 3932 the
919 3874 995 3946 Epic
1017 3873 1122 3947 plural
1146 3872 1182 3932 of
1201 3873 1341 3945 πολύς-
1365 3862 1451 3946 ,not

254 3999 274 4044 a
305 3984 372 4057 city
401 3985 460 4044 but
491 4000 510 4044 a
534 3986 664 4060 many'),
690 3986 746 4045 the
770 3989 865 4046 exact
889 3986 1083 4060 application
1107 3985 1143 4046 os
1163 3986 1268 4047 which
1291 3987 1354 4047 has
1373 3974 1451 4066 nli

254 4099 334 4159 been
363 4098 536 4171 preserved
567 4099 600 4157 to
632 4112 681 4172 us,
706 4113 741 4156 or
766 4100 818 4168 (II)
843 4113 890 4170 ,as
914 4100 947 4158 in
970 4101 1076 4171 game'
1101 4100 1185 4159 etc.”
1209 4132 1249 4142 —
1273 4099 1353 4161 Post
1378 4085 1451 4153 (5⁴5⁰

286 4395 306 4462 ¹)
328 4401 419 4447 Nescio
442 4415 474 4447 an
498 4403 564 4450 hano
588 4404 744 4451 locutionem
767 4405 915 4451 tractaverit
937 4405 966 4450 E.
991 4404 1129 4451 Griinwald
1154 4404 1355 4464 „spnehwbrter
1398 4384 1458 4438 *¹¹¹⁶

253 4477 420 4537 spriehwdrtl.
438 4481 613 4529 Redensarten
631 4483 673 4529 bei
689 4484 771 4529 Plato.
791 4484 879 4530 1893.”
1174 4531 1175 4535 ,

286 4551 497 4621 ²)Probantibus
516 4561 670 4608 Schneidero
689 4564 715 4609 et
733 4564 756 4611 J.
774 4563 803 4608 h.
822 4563 930 4611 stewart
947 4557 1038 4625 (Glaes.
1056 4564 1116 4610 Ber.
1137 4563 1202 4611 lava
1220 4576 1247 4623 p.
1265 4556 1333 4625 aba).
