3000 5018
816 275 857 333 54

204 454 228 522 Ο
251 457 300 519 καί
323 457 391 520 θεαί
414 459 553 531 πολλάκις
575 465 635 530 ταῖς
660 456 713 535 μὲν
738 464 786 518 κιλ
806 476 868 520 non
889 461 1072 521 necessaria
1091 462 1151 521 eat.
1177 452 1197 544 ΙΙ
1221 461 1429 535 optimorum

252 575 340 634 codd.
369 574 542 634 lectionem
566 574 674 651 βλάψει
697 575 787 634 solus
811 574 942 649 eampb.
967 575 1070 634 adhuc
1093 577 1213 635 tuetur.
1238 575 1428 636 hecilonem

252 686 380 764 βλάψειν
415 687 509 748 Schn.
542 687 653 748 Herm.
685 688 768 747 Bait.
801 688 985 748 Schmelzer
1015 688 1157 762 amplexi
1189 690 1275 749 sunt.
1308 688 1429 749 Nullus

252 801 363 859 autem
387 800 476 860 locus
499 800 607 859 futuro
627 802 688 875 est,
712 801 769 860 sed
791 801 921 876 aoristo,
946 801 1021 874 quia
1044 802 1261 874 praemissum
1286 798 1429 860 ἀκεῖσθαι

250 928 404 986 praesens
428 917 488 974 est.
513 915 586 988 Ipse
609 914 802 974 scholiastes
825 911 963 972 ἀκεῖσθαι
982 929 1038 988 per
1057 913 1237 992 θεραπεύειν
1258 915 1429 989 explicans

251 1030 390 1089 ostendit
415 1043 449 1088 se
474 1025 612 1086 ἀκεῖσθαι
630 1043 784 1102 praesens
805 1029 966 1088 habuisse.
988 1027 1066 1087 (lum
1088 1029 1252 1102 praesenti
1271 1028 1429 1102 aoristus,

249 1156 313 1200 non
344 1141 491 1201 futurum
520 1141 661 1214 copulari
687 1141 804 1215 potest,
829 1141 868 1200 cf.
893 1157 944 1201 ex.
968 1156 1016 1214 gr.
1043 1140 1146 1201 3651)
1170 1137 1237 1198 αάεε
1260 1138 1429 1199 λανθάνειν

251 1250 317 1312 οὔτε
337 1253 510 1332 βιάσασθαι,
526 1255 590 1313 442
603 1254 670 1314 ΑΒ
691 1250 763 1310 ἀλλὰ
775 1252 1062 1312 καταδουλώσασθαι
1073 1250 1121 1311 καὶ
1136 1248 1234 1330 ἄρχειν
1246 1249 1428 1335 ἐπιχειρήσῃ.

250 1365 379 1439 Optimo
402 1366 500 1439 igitur
522 1367 591 1426 iure
612 1366 727 1426 Mureti
750 1368 809 1426 cann
828 1364 942 1443 βλάψαι
962 1367 1083 1440 recepit
1101 1366 1224 1426 Aetius.
1246 1366 1429 1440 Postquam

250 1476 364 1555 βλάψαι
383 1479 416 1537 in
436 1477 562 1555 βλάψειν
581 1478 715 1553 abierat,
728 1471 847 1538 iterum
862 1478 1054 1538 vocabulum
1068 1480 1278 1552 corruperunt
1289 1479 1429 1554 librarii,

249 1592 334 1653 sicut
356 1592 389 1651 in
414 1593 518 1651 etan
542 1591 636 1669 αἱρεῖν
659 1591 745 1650 δοκεῖ
762 1607 819 1665 pro
843 1588 869 1649 ά.
898 1591 996 1650 δακεῖν
1017 1593 1222 1666 scripserant.
1246 1623 1289 1681 —¹
1307 1591 1429 1653 Mureti

248 1707 307 1765 0²²¹n
330 1704 450 1786 ᾄδοντες
473 1722 529 1780 pro
553 1704 684 1776 διδόντες
706 1705 882 1779 probarunt
906 1705 1056 1766 Schaeier
1077 1707 1126 1777 (ad
1147 1705 1291 1779 Dionysii
1312 1704 1428 1780 comp.

247 1818 334 1879 verb.
363 1835 392 1893 p.
419 1820 504 1895 246),
530 1818 678 1894 dobetus
702 1818 893 1893 Madvigius
917 1819 1036 1894 Baiter,
1061 1819 1192 1892 optime.
1218 1818 1429 1894 Quamquam

248 1929 365 1991 διδόναι
395 1947 626 2004 nonnunquam
658 1900 818 2004 significat
849 1930 1010 2008 διδάσκειν,
1043 1931 1220 2007 „tradere”
1251 1931 1282 1990 is
1304 1946 1430 1992 sensus

248 2045 300 2105 hio
331 2046 465 2105 minime
488 2046 623 2105 idoneus
646 2047 706 2120 est,
731 2045 807 2117 quia
830 2045 993 2105 Homerus
1016 2045 1077 2106 dici
1100 2060 1163 2104 non
1188 2047 1294 2118 potest
1317 2044 1430 2116 κακίας

248 2156 314 2236 πέρι
343 2161 513 2233 praecepta
544 2160 679 2219 dedisse.
712 2159 824 2219 Solum
855 2158 975 2240 ᾄδοντες
1006 2160 1183 2232 genuinum
1216 2161 1275 2219 est.
1300 2159 1429 2222 aedem

248 2253 353 2347 modo,
366 2286 429 2344 quo
441 2272 503 2346 mc,
516 2271 637 2331 aaran
648 2272 681 2331 n
696 2272 795 2332 aean
808 2268 966 2348 διδομένου
979 2288 1035 2346 pro
1048 2268 1197 2354 ψειμειιν
1209 2271 1428 2333 tradiderunt.

248 2384 428 2457 Madvigius
451 2386 617 2458 praeterea
636 2381 702 2462 περί
720 2400 777 2459 pro
796 2381 862 2462 πέρι
882 2385 1021 2461 scripsit,
1041 2401 1140 2459 quam
1160 2385 1429 2447 emendationem

247 2497 365 2557 iniuria
394 2513 459 2557 non
482 2497 602 2571 recepit
626 2496 791 2571 eampbell
813 2495 962 2568 εὐπετείας
985 2513 1041 2572 pro
1065 2514 1130 2559 acc.
1155 2498 1236 2572 plur.
1261 2498 1430 2572 accipiens

249 2609 379 2682 διδόντες
402 2612 541 2671 servato.
567 2612 678 2685 Inepte
702 2610 854 2672 Liebhold
877 2611 993 2682 (Black.
1014 2612 1084 2672 Jbb.
1109 2612 1199 2671 1888·
1211 2612 1264 2672 bd.
1288 2613 1364 2683 137)
1385 2614 1427 2674 oi.

194 2723 225 2788 I)
249 2721 315 2802 περὶ
338 2722 487 2795 εὐπετείας
511 2723 686 2796 διελθόντες.
711 2717 730 2808 ΙΙ
755 2726 832 2785 Post
855 2722 968 2802 ἀνάντη
991 2725 1062 2786 Par.
1086 2716 1141 2785 ΑΗ
1163 2741 1228 2799 mg.
1250 2727 1429 2801 adscripsit

248 2836 298 2897 καὶ
326 2843 468 2916 τραχεῖαν.
502 2872 541 2883 -
573 2838 688 2900 Veneti
720 2830 768 2896 ΠΙ
798 2813 970 2899 lectionem
1002 2836 1135 2917 στρεπτοὶ
1165 2837 1197 2898 δέ
1227 2861 1256 2898 τε
1280 2837 1331 2898 καί
1356 2839 1429 2901 θεοί

248 2949 333 3011 αὐτοὶ
355 2953 530 3027 probarunt
552 2953 687 3028 Beklrer,
713 2954 783 3028 Ast,
809 2952 1098 3028 eampbell.Par1¹⁸
1121 2945 1162 3013 ΑΙ
1192 2969 1268 3014 vero
1291 2955 1428 3028 praebet

247 3062 339 3124 λισνσί
370 3061 401 3124 δὲ
432 3065 567 3143 σιρεπιαί
592 3086 631 3142 ιε,
653 3066 737 3125 unde
761 3065 934 3127 Schneider
958 3067 1177 3141 (probantibus
1200 3041 1311 3127 Herm.
1338 3068 1425 3129 Bait.

238 3178 418 3254 ¹Schnieln)
449 3177 576 3239 effinxit
606 3175 697 3237 λιστοὶ
728 3175 760 3237 δέ
788 3175 943 3256 [στρεπτοὶ]
968 3201 997 3238 τε
1020 3176 1069 3238 καὶ
1092 3175 1160 3238 θεοὶ
1182 3183 1239 3237 κτλ.
1264 3179 1426 3240 Videntur

248 3296 456 3364 (quamquam
488 3290 557 3351 fieri
588 3292 687 3351 etiam
718 3292 823 3365 potuit
852 3293 890 3350 ut
920 3293 1096 3353 memoriae
1128 3307 1234 3352 errore
1258 3293 1352 3354 Plato
1376 3295 1426 3354 sio

247 3405 411 3488 scriberet)
443 3405 623 3477 antiquitus
654 3407 729 3464 ante
759 3403 1014 3465 Alexandrinam
1043 3404 1176 3464 Homeri
1200 3405 1423 3466 recensionem

234 3517 330 3576 duae
360 3517 514 3578 lectiones
545 3515 646 3587 (λισιαὶ
676 3519 710 3577 et
741 3516 884 3594 στρεπιοί)
915 3518 1123 3592 pervulgatae
1147 3519 1258 3594 fuisse,
1283 3534 1425 3591 quarum

247 3644 323 3689 vero
354 3629 491 3690 alteram
521 3632 558 3689 ut
587 3632 696 3689 minus
727 3630 911 3703 elegantem
941 3633 1069 3705 propter
1092 3646 1232 3704 sequens
1254 3631 1426 3709 λισσόμενοι

246 3742 456 3804 Alexandrini
476 3743 613 3803 missam
638 3744 751 3803 fecere.
776 3744 846 3802 Non
870 3744 979 3804 dubito
1003 3744 1080 3817 quin
1104 3744 1195 3804 Plato
1215 3743 1308 3802 λιστοί
1326 3746 1424 3821 scrip·

246 3855 335 3915 serit.
356 3856 394 3914 In
413 3857 623 3928 sequentibus
643 3856 777 3919 Homeri
797 3856 885 3916 codd.
907 3857 1060 3917 exhibent
1079 3854 1128 3914 καὶ
1148 3855 1217 3927 τοὺς
1233 3852 1288 3933 μὲν
1299 3855 1425 3918 θυέεσσι

245 3964 294 4025 καὶ
315 3967 442 4051 εὐχωλῇς
462 3965 616 4051 ἀγανῇσιν.
637 3968 804 4028 Permulta
824 3971 1016 4030 documento
1037 3972 1113 4029 sunt
1125 3970 1296 4031 Platonem
1308 3973 1425 4045 poetas

246 4082 433 4140 memoriter
453 4081 582 4141 citasse.
603 4082 640 4140 In
659 4082 859 4154 praegressis
879 4082 1011 4143 Hesiodi
1024 4083 1171 4143 versibus
1185 4085 1274 4144 codd.
1288 4083 1426 4147 Hesiodi

237 4207 308 4276 non
328 4191 400 4269 λείη,
419 4193 477 4252 sed
497 4189 578 4271 ὀλίγη
600 4194 761 4255 exhibent.
782 4194 954 4282 Nescimus
974 4210 1015 4254 an
1032 4197 1209 4257 memoriae
1222 4197 1328 4270 lapsui
1342 4198 1425 4259 illud

192 4298 219 4364 ld
243 4302 334 4363 λιστοὶ
366 4306 529 4366 debeatur.
558 4308 595 4366 In
618 4308 714 4368 Hom.
742 4308 767 4366 Θ
790 4308 853 4367 488
878 4308 997 4381 legitur
1019 4308 1185 4387 τρίλλιστος.
1211 4301 1231 4392 ΙΙ
1255 4309 1425 4372 Hemster-

243 4420 357 4479 husius
382 4422 469 4489 (nota
494 4436 566 4496 ms,
590 4420 662 4480 vide
686 4421 726 4480 ad
746 4422 810 4480 330
823 4421 859 4490 Β)
880 4421 952 4481 dub.
975 4422 1013 4481 ci.
1039 4419 1176 4499 δρμαθσν
1196 4426 1264 4496 (pro
1283 4418 1428 4501 ὅμαδον),

242 4535 326 4607 quod
358 4535 489 4608 quidam
520 4535 667 4595 Vaticani
700 4535 815 4621 Mureti
846 4535 1050 4609 praebebant.
1084 4534 1164 4595 Cum
1196 4550 1273 4596 vero
1299 4551 1425 4599 nomen
