3000 5018
830 285 870 344 28

265 471 324 530 tim
348 472 433 545 quia,
458 472 487 530 si
510 473 692 547 servantur,
717 475 789 546 post
813 473 927 532 statim
950 487 1140 546 praegressa
1163 467 1193 541 a
1217 464 1245 529 δ’
1279 461 1317 528 αὖ
1342 484 1434 546 αρυσ-

265 583 403 643 adtractu
424 583 455 643 οἱ
471 581 526 663 ἀρ,
549 583 666 644 δίκαιον
687 577 777 644 εἶναι.
789 632 793 642 .
804 631 809 642 .
821 631 827 642 .
840 589 946 655 ποιεῖν)
968 586 1017 645 bis
1037 585 1125 644 idem
1136 584 1253 644 dicitur
1265 598 1434 657 argumen-

265 698 408 769 tatioque
431 698 520 757 omni
550 698 582 757 vi
607 699 803 775 dest'tuitur,
828 700 891 758 nisi
914 706 1005 757 laeva
1034 699 1147 759 acerbe
1179 699 1218 757 ad
1246 696 1325 757 illud
1357 692 1436 754 κακὰ

264 811 409 872 refertur.
445 812 483 871 In
514 813 723 885 sequentibus
754 813 830 873 clar.
857 813 930 873 LI.
961 812 1123 871 Hartman
1147 811 1219 880 (Mn.
1247 811 1342 879 1892)
1368 825 1435 869 ver·

264 924 341 983 bum
375 929 471 982 ποιεῖν
499 926 574 985 ante
597 924 773 985 τούναντίον
796 926 968 987 delendum
992 940 1065 1004 esse
1089 924 1271 984 rectissime
1296 924 1436 984 censuit.

264 1038 376 1097 Verbis
411 1039 499 1098 enim
532 1030 590 1116 ἀρα
618 1037 680 1097 τότε
711 1044 769 1098 κτλ.
801 1039 949 1099 Socrates
980 1037 1308 1113 argumentationem,
1334 1051 1435 1109 quam

263 1152 375 1212 Thrae.
407 1167 504 1225 supra
535 1152 746 1212 exclamando
779 1149 918 1231 τίλέγεις
940 1151 994 1223 συίς
1018 1153 1243 1227 interruperat,
1267 1152 1308 1212 ad
1334 1149 1437 1210 finem

264 1264 408 1338 perducit
440 1265 667 1325 demonstrans
702 1263 764 1324 τότε
799 1267 829 1335 (i.
854 1282 881 1326 e.
918 1266 947 1325 si
977 1266 1190 1338 magistratus
1225 1262 1302 1323 υανά
1331 1261 1438 1333 αὑτοῖς

263 1375 471 1455 apostataverat)
503 1365 545 1435 τά
570 1384 622 1435 τοῦ
656 1376 819 1456 κρείττονος
855 1374 1030 1455 ἀξύμφορον
1061 1392 1133 1437 esse
1165 1376 1291 1453 δίκαιον,
1324 1379 1437 1449 itaque

262 1487 437 1549 τούναντίον
471 1488 553 1549 effici
583 1489 687 1574 τούτῳ,
708 1485 724 1549 ὃ
749 1489 785 1550 σὺ
808 1491 904 1560 (Thr.)
930 1487 1021 1569 λέγεις
1052 1495 1177 1564 (nempe
1205 1489 1238 1549 τὸ
1261 1497 1314 1550 τοῦ
1340 1487 1406 1567 apel
1424 1525 1438 1533 -

262 1625 346 1675 ιονος
370 1600 520 1682 ξυμφέρον
544 1620 616 1665 esse
640 1604 777 1674 δίκαιον).
802 1606 974 1665 Praeterea
997 1621 1014 1665 e
1047 1604 1248 1665 Polemarchi
1272 1604 1355 1663 infra
1381 1603 1437 1664 So·

262 1718 360 1778 cratis
395 1718 704 1778 demonstrationem
737 1719 886 1778 iterantis
919 1718 1024 1778 verbis
1049 1718 1124 1788 (340
1148 1718 1185 1788 Β)
1210 1714 1241 1776 ἐν
1265 1712 1297 1776 ἀὲ
1322 1717 1438 1776 τούτων

264 1834 314 1888 ιιιλ
338 1831 440 1891 lucide
470 1833 561 1904 patet
583 1832 649 1892 iam
673 1832 780 1906 ipsum
812 1832 979 1892 Socratem
1009 1832 1252 1891 demonstrasse
1277 1831 1378 1890 etiam
1404 1828 1438 1890 υὸ

264 1940 439 2023 ἀξύμφορον
472 1945 597 2005 iustum
632 1961 705 2005 esse
735 1961 839 2019 posse.
871 1944 979 2004 Etiam
1008 1944 1092 2004 inira
1118 1945 1180 2003 341
1205 1945 1234 2003 A
1258 1944 1297 2004 ab
1322 1944 1438 2004 eodem

262 2058 489 2132 interpolatore
523 2063 619 2117 ποιεῖν
653 2059 686 2116 in
723 2058 828 2117 verbis
862 2057 978 2116 δίκαιον
1013 2053 1086 2136 λέγω
1125 2053 1157 2116 τὸ
1191 2063 1244 2115 τοῦ
1272 2055 1440 2134 κρείττονος

262 2175 358 2229 ποιεῖν
393 2171 482 2246 ξομφ.
516 2171 696 2244 proiectum
725 2185 797 2230 esse
828 2185 892 2230 non
925 2171 1018 2230 modo
1049 2170 1254 2230 incommoda
1285 2171 1437 2230 vocabuli

263 2285 357 2343 sedes
388 2285 504 2358 arguit,
527 2284 584 2343 sed
608 2284 709 2343 etiam
732 2284 802 2357 ipsa
824 2283 881 2342 illa
905 2281 975 2361 ὅπερ
999 2280 1028 2355 ἐξ
1051 2280 1142 2362 ἀρχῆς
1166 2281 1283 2361 ίλεγονε
1309 2285 1439 2343 conten·

264 2397 356 2456 derat
389 2397 476 2456 enim
507 2397 676 2470 Thrasym.
701 2397 793 2456 initio
816 2397 891 2467 (338
905 2396 938 2467 G)
961 2394 993 2456 τὸ
1017 2403 1071 2455 τοῦ·
1094 2395 1257 2474 κρείττονος
1282 2393 1437 2474 ξυμφέρον

265 2525 337 2570 esse
360 2508 476 2568 δίκαιον
499 2510 583 2578 (vide
606 2510 690 2569 dicta
714 2511 754 2571 ad
779 2511 841 2570 339
867 2509 910 2578 O).
937 2543 977 2552 —
1001 2510 1071 2568 vam
1092 2511 1125 2569 L.
1150 2509 1307 2587 ξυμβαίνει
1326 2511 1437 2582 proba-

263 2623 339 2682 runt
371 2624 433 2682 Ast
464 2622 567 2682 Madv.
604 2622 737 2699 Wohlr.,
768 2623 863 2699 male,
896 2639 972 2684 oum
998 2620 1162 2702 ἀναγκαῖον
1187 2638 1242 2696 pro
1267 2619 1438 2701 ἀναγκαίως

263 2736 325 2795 dici
367 2738 515 2808 nequeat.
552 2737 733 2796 Pronomen
768 2734 840 2795 αὐτὸ
876 2738 962 2806 (ante
995 2733 1101 2795 adreci
1116 2728 1138 2806 1λ
1171 2737 1348 2796 molestum
1385 2736 1438 2796 hic

263 2867 335 2911 esse
369 2851 451 2936 satis
485 2852 569 2911 inter
604 2851 690 2911 viros
724 2852 774 2912 dd.
810 2855 948 2928 constat,
979 2854 1003 2912 Ι.
1040 2854 1064 2912 Ι.
1097 2853 1299 2912 Hartmanno
1323 2855 1438 2912 autem

263 2966 294 3035 (l.
319 2965 351 3033 l.)
390 2980 502 3025 vocem
544 2964 714 3025 delendam
757 2966 884 3038 putanti
927 2981 991 3025 non
1033 2965 1203 3039 assentior,
1247 2981 1324 3024 narn
1365 2967 1440 3038 quis

264 3079 369 3139 hercle
401 3078 432 3137 id
464 3079 496 3137 in
520 3080 648 3137 textum
672 3078 847 3154 intulisset,
872 3094 945 3138 curn
970 3077 1143 3156 ξυμβαίνειν
1169 3079 1361 3152 saepissime
1389 3080 1440 3147 (of.

265 3195 328 3253 339
352 3195 391 3268 A,
416 3195 479 3253 375
504 3193 529 3251 D
553 3193 606 3262 in.)
627 3193 886 3266 impersonaliter
906 3193 1105 3253 adhibeatur.
1128 3193 1283 3266 Equidem
1305 3193 1441 3252 altatio

263 3309 340 3378 puto
376 3321 488 3366 vocem
518 3303 590 3364 abab
621 3322 640 3365 a
669 3322 729 3365 sua
760 3307 836 3366 sede
867 3306 1070 3365 librariorum
1104 3306 1197 3380 culpa
1220 3309 1382 3366 semotam
1410 3308 1443 3367 et

263 3419 479 3491 reponendam
509 3433 581 3478 esse
610 3421 685 3479 ante
707 3417 882 3478 τούναντίον
907 3421 954 3489 (ut
979 3420 1043 3478 334
1067 3419 1091 3478 E
1115 3421 1273 3494 scriptum
1298 3420 1442 3494 exstat);

263 3535 436 3606 postquam
467 3533 553 3591 enim
586 3533 769 3593 litterarum
802 3534 957 3592 ductuum
989 3533 1200 3593 similitudine
1231 3535 1315 3591 inter
1350 3524 1448 3590 εἶνΑΙ

265 3648 297 3703 et
323 3642 684 3730 TOtvavriovAverbum
706 3650 803 3704 ποιεῖν
823 3646 1003 3705 insiticium
1024 3661 1096 3705 esse
1116 3647 1184 3705 iam
1199 3661 1297 3720 supra
1309 3645 1439 3705 demon·

265 3759 377 3829 stravi)
401 3759 617 3835 interciderat,
642 3775 663 3818 a
685 3761 863 3819 correctore
887 3758 991 3819 alieno
1014 3759 1083 3819 loco
1107 3760 1285 3833 repositum
1310 3761 1370 3819 est.
1400 3792 1440 3801 -

263 3874 368 3936 Naber
399 3874 591 3944 (Comment.
624 3873 706 3933 Plat.
738 3873 755 3932 Ι·
787 3873 882 3942 1862)
914 3873 952 3932 ci.
986 3863 1009 3930 ὦ
1040 3870 1190 3946 σοφώτατε
1224 3871 1438 3950 [Θρασύμαχε],

263 3989 346 4060 quod
378 3988 488 4047 minus
519 3987 624 4061 placet
639 3979 670 4061 2λ,
699 3986 775 4058 quia
800 3986 967 4045 vocativus
991 3986 1061 4044 sine
1085 3985 1215 4044 nomine
1239 3984 1438 4060 acerbitatis,

263 4117 338 4162 oum
369 4101 499 4161 nomine
530 4101 652 4160 ironiae
683 4099 798 4173 plenus
825 4101 885 4158 est.
909 4099 1056 4158 Vocativi
1080 4098 1312 4157 adiectivorum
1336 4098 1439 4169 gradu

299 4404 318 4464 ¹)
336 4407 424 4466 Oamp.
444 4408 528 4453 οὑτωσί
545 4407 623 4452 vertit
642 4406 683 4462 „in
701 4405 752 4451 thie
771 4403 874 4450 caae''ll
1024 4447 1029 4461 ‚

299 4481 319 4546 ²)
337 4486 370 4532 nt
397 4486 423 4530 in
450 4486 526 4542 Gorg.
550 4485 628 4532 4890
648 4481 666 4530 ὦ
690 4487 808 4546 σοφώτατε
830 4485 968 4537 Καλλίκλεις,
994 4481 1112 4529 Callicles
1134 4481 1224 4536 ἀδικίας
1245 4477 1363 4526 laudator
1387 4483 1448 4528 erat

265 4564 333 4612 siout
350 4563 563 4621 Thrasymachus.
807 4559 810 4565 '
