3000 5018
800 302 818 362 2

222 489 253 547 in
285 489 435 563 Gorgiam
470 492 713 550 commentariis
750 492 925 551 identidem
958 492 1132 551 Civitatem
1166 488 1216 562 τὰς
1248 489 1403 562 πολιτείας

223 604 328 677 appell
349 606 371 664 t.

268 716 354 791 Quae
386 732 460 776 cum
493 718 575 790 apud
601 719 727 776 veteres
751 718 923 791 scriptores
947 719 1055 777 exstet
1079 717 1306 793 discrepantia,
1334 733 1402 777 non

221 830 342 889 mirum
365 833 416 889 est
439 830 564 890 codices
586 833 715 889 nostros
735 831 814 890 item
836 832 868 890 in
889 832 1035 891 diversas
1055 834 1163 905 partes
1184 832 1281 893 abire.
1298 831 1405 892 Maior

221 944 331 1002 autern
356 958 431 1017 pars
453 958 528 1002 cum
553 941 778 1016 Olympiodoro
799 946 832 1002 et
853 944 990 1004 Moeride
1011 944 1099 1019 facit,
1121 959 1258 1016 quorum
1279 959 1404 1017 agmen

221 1057 308 1117 ducit
341 1057 525 1129 praeclarus
558 1056 612 1116 ille
647 1056 822 1133 Parisinus,
852 1059 880 1116 Α
911 1058 1021 1118 littera
1052 1059 1237 1133 insignitus,
1269 1059 1304 1118 in
1338 1074 1404 1131 quo

221 1170 301 1229 haec
325 1169 491 1243 inscriptio
516 1172 583 1229 est:

712 1282 872 1354 Πλάτωνος

533 1398 684 1455 Πολιτεῖαι
711 1431 750 1439 -
773 1393 793 1475 ἢ
816 1395 882 1475 περὶ
907 1396 1034 1457 δικαίου.
1059 1403 1090 1456 Λ

222 1509 342 1569 Eadem
373 1509 406 1568 in
437 1510 543 1570 codice
574 1510 809 1585 Malatestiano,
842 1528 862 1571 a
892 1512 925 1571 L.
952 1510 1147 1584 dampbellio
1176 1513 1250 1586 post
1273 1511 1349 1572 Par.
1374 1512 1404 1571 A

223 1625 255 1683 et
285 1622 364 1683 Ven.
390 1625 421 1680 Π
450 1623 582 1697 plurimi
613 1624 708 1698 facto,
738 1623 875 1682 recurrit
904 1623 1038 1693 (omissa
1061 1624 1170 1683 littera
1194 1627 1244 1694 A).
1267 1623 1403 1685 Utrum·

221 1753 283 1810 que
310 1730 330 1806 ¹)
365 1736 499 1796 titulum
534 1737 639 1811 prima
674 1751 791 1796 manus
826 1736 940 1796 Veneti
973 1737 983 1795 t
1015 1737 1174 1796 servavit:
1212 1737 1403 1797 invenimus

223 1851 309 1911 enim
343 1849 503 1921 Πλάτωνος
534 1850 679 1922 πολιτείας
709 1848 729 1928 ἢ
758 1847 824 1929 περὶ
849 1849 966 1908 δικαίου
992 1864 1020 1924 ᾶ,
1044 1849 1134 1908 litote.
1159 1853 1301 1908 πολιτεῖαι
1326 1845 1348 1927 ἢ
1372 1870 1402 1908 τι.

222 1947 301 2043 οβ’,
332 1962 422 2021 Πλάτ.
457 1963 603 2035 πολιτείας
633 1960 653 2040 ἢ
684 1984 713 2020 π.
746 1964 771 2021 ιλ.
797 1970 830 2041 ρ;
865 1964 968 2024 altera
997 1965 1108 2023 autem
1145 1979 1220 2038 pars
1250 1964 1403 2024 eiusdem

222 2048 340 2137 codicis
371 2076 401 2145 (i.
424 2091 451 2135 e.
484 2091 570 2135 man.
603 2076 753 2143 secundat
786 2075 903 2147 ubique
935 2077 1031 2135 habet
1056 2074 1218 2147 Πλάτωνος
1241 2079 1402 2136 πολιτειῶν

221 2187 363 2266 τέταρτος,
389 2184 518 2263 πέμπτος
548 2190 608 2247 etc.
633 2188 669 2247 In
694 2188 855 2247 codicibus
880 2189 1073 2249 Florentinis
1097 2195 1171 2261 (uno
1195 2186 1221 2269 γ’
1244 2193 1402 2265 excepto:

224 2300 376 2370 Πολιτείας
404 2305 431 2371 τι)
456 2303 489 2361 et
512 2300 810 2362 vindobonensibus
835 2302 904 2361 sive
929 2301 1089 2373 Πλάτωνος
1112 2306 1268 2362 πολιτειῶν
1289 2317 1308 2361 οι
1331 2305 1404 2365 sive

223 2415 382 2485 Πλάτωνος
416 2418 557 2474 πολιτεῖαι
587 2412 607 2493 ἢ
640 2413 707 2494 περὶ
739 2413 857 2473 δικαίου
889 2429 908 2472 ᾶ
939 2417 1096 2490 scriptum
1128 2417 1327 2477 invenimus.
1364 2418 1402 2477 In

222 2529 404 2589 Monacensi
435 2544 455 2601 q
479 2527 595 2600 legitur
620 2526 779 2598 Πλάτωνος
806 2529 978 2602 Πολιτειῶν,
1000 2527 1118 2604 epotam
1145 2531 1179 2588 at
1204 2529 1403 2604 subscriptio

222 2644 317 2718 primi
340 2643 412 2701 libri
436 2643 487 2701 est
510 2637 589 2710 τέλος
615 2639 769 2710 Πολιτείας
789 2639 917 2717 πρῶτον,
941 2641 1072 2700 secundi
1097 2641 1170 2701 libri
1189 2643 1302 2702 autem
1329 2643 1403 2702 sub·

223 2757 352 2830 scriptio
375 2751 455 2824 τέλος
479 2757 642 2828 πολιτειῶν,
665 2751 809 2832 δευτέρας.
832 2755 877 2813 De
898 2755 1014 2814 ceteris
1033 2754 1196 2815 codicibus
1217 2755 1297 2814 nihil
1321 2757 1404 2817 certi

223 2870 336 2928 afferre
360 2885 503 2944 possum,
528 2869 556 2928 si
578 2885 654 2929 vero
675 2886 716 2929 ex
737 2871 884 2929 veterum
906 2870 1082 2929 editionum
1105 2869 1211 2929 titulis
1229 2862 1251 2940 ²)
1273 2873 1403 2940 (omnes

224 2984 384 3040 Πολιτειῶν
421 2982 583 3052 exhibent)
619 2983 770 3042 nonnihil¹
799 2983 947 3055 colligere
983 2983 1068 3057 licet,
1104 2983 1185 3042 satis
1222 2983 1404 3045 verisimile

223 3097 274 3154 est
309 3094 445 3154 Bekkeri
481 3110 607 3167 quoque
643 3088 768 3154 codices
803 3111 916 3156 omnes
952 3096 1059 3169 potius
1094 3098 1248 3155 πολιτειῶν
1280 3111 1403 3159 nomen

222 3223 321 3279 quam
351 3207 498 3276 πολιτείας
531 3210 613 3279 (gen.
639 3207 732 3279 sing.)
763 3208 796 3266 in
825 3208 929 3267 fronte
952 3223 1072 3280 gerere.
1099 3208 1263 3278 (Codicum
1288 3224 1403 3284 cogna-

224 3321 346 3381 tionem
370 3337 387 3381 e
411 3321 516 3380 titulis
539 3335 664 3392 quoque
689 3320 924 3392 quodammodo
948 3322 1095 3407 cognosci
1119 3337 1213 3396 posse
1233 3322 1404 3384 neminem

225 3435 346 3508 lugiet.)
763 3505 773 3520 ·

270 3543 426 3609 Omnibus
461 3551 572 3609 autern
607 3549 686 3608 viris
720 3548 823 3609 doctis
854 3564 1046 3622 persuasum
1079 3551 1130 3608 est
1161 3549 1254 3609 unice
1288 3565 1405 3610 veram

225 3677 298 3721 esse
333 3661 490 3721 Πολιτείαν
525 3662 767 3739 inscriptionem
798 3662 892 3734 idque
925 3678 942 3722 e
974 3663 1088 3722 multis
1119 3663 1221 3736 ipsius
1254 3661 1407 3722 Platonis

224 3775 303 3834 locis
336 3776 518 3848 stephanus
548 3777 581 3834 et
612 3775 725 3834 Aetius
757 3775 860 3835 lucide
885 3776 1148 3835 demonstrarunt
1169 3767 1201 3843 ³).
1227 3774 1408 3850 Quaerenti

259 4111 277 4174 ¹)
296 4115 351 4170 Qun
369 4127 400 4160 ex
416 4112 588 4171 discrepantia
605 4111 793 4170 quodammodo
811 4113 882 4169 patet
900 4109 969 4155 illius
987 4109 1082 4155 codicis
1100 4122 1204 4155 menum
1222 4107 1335 4167 primam
1355 4123 1409 4157 non

226 4194 311 4238 statim
331 4206 345 4239 e
363 4194 420 4239 Par.
439 4193 460 4238 Δ
477 4192 588 4238 fluxisse.
1328 4198 1331 4203 ·

258 4266 280 4333 2)
298 4272 389 4317 Aldina
415 4284 498 4329 exgn:
525 4272 561 4316 Ar
586 4274 705 4323 notaretur,
731 4271 760 4322 ὡς
785 4273 828 4326 μία
851 4272 937 4331 βίβλος,
960 4272 1084 4323 πολιτικαί,
1108 4269 1191 4320 αἵτινες
1212 4269 1243 4321 είς
1266 4265 1326 4313 δίκα
1347 4268 1410 4316 drat-

227 4355 320 4414 ροῦιται
339 4350 464 4407 διαλόγους.

260 4425 280 4488 ³)
299 4429 428 4475 Isocraten
452 4428 554 4490 (Philip.
579 4430 617 4474 12.
636 4424 677 4492 13)
703 4428 781 4474 verba
805 4423 894 4492 (νόμοις
918 4422 967 4490 καί)
990 4430 1114 4480 πολιτείαις
1135 4434 1185 4479 τοῖς
1206 4424 1252 4471 ὑπὸ
1273 4432 1321 4471 τῶν
1340 4443 1411 4488 σοφι-

228 4515 287 4554 στῶν
312 4508 480 4571 γεγραμμέναις
502 4508 607 4554 minime
629 4508 805 4554 demonstrant
828 4510 948 4552 πολιτειῶν
971 4518 1063 4552 nomen
1086 4504 1118 4550 ab
1141 4504 1199 4563 ipso
1218 4501 1329 4550 Platone
1348 4519 1408 4564 pro·

219 4587 319 4632 lectum
342 4575 399 4633 esse
417 4589 444 4649 et
460 4580 548 4647 potius
567 4587 593 4632 in
612 4586 767 4633 contrarium
785 4585 874 4632 cedere
892 4585 1018 4632 videntur.
