3000 5018
715 290 755 349 19

147 479 239 537 66161
257 475 400 554 χρήσιμον
421 475 514 553 μόνον
530 475 675 555 τυγχάνει,
694 477 790 552 male,
811 478 886 550 quia
906 478 1049 552 primum
1068 481 1157 553 part0
1177 477 1212 539 iv
1225 496 1320 555 aegre

146 606 256 650 carere
286 605 471 666 possumus,
503 590 626 665 deinde,
655 592 684 649 si
714 591 793 649 illud
824 589 918 666 μόνον
945 592 1167 653 necessarium
1193 594 1319 668 fuisset,

146 703 238 763 Plato
262 704 293 764 id
317 705 387 764 sine
411 704 511 764 dubio
525 704 601 763 ante
624 702 766 780 χρήσιμον
791 705 962 778 posuisset.
983 706 1089 766 Naber
1109 706 1164 776 (De
1186 707 1320 767 Platone

147 820 357 876 commentat.
378 818 409 876 II
432 813 527 886 1864)
548 816 666 889 ubique
688 819 761 890 post
785 818 919 877 verbum
940 817 1093 896 τυγχάνειν
1114 820 1319 894 participium

146 931 385 990 restituendum
416 932 537 1006 censet,
569 930 644 1002 quia
673 930 875 1003 Phrynichus
902 933 1082 993 recentiores
1107 933 1214 1007 culpet
1238 933 1322 1007 quod

146 1045 352 1119 participium
368 1044 518 1103 omittere
530 1044 665 1103 soleant.
682 1077 721 1086 -
735 1045 773 1103 In
784 1045 942 1118 proximis
955 1046 1119 1106 Herwerd.
1133 1046 1208 1116 (Mn.
1224 1046 1321 1116 1891)

146 1160 281 1234 requirit
311 1150 368 1218 ὧδε
400 1164 465 1233 (pro
496 1158 572 1229 eide)
604 1155 636 1218 δὲ
659 1159 851 1236 σκεψώμεθα,
873 1162 909 1220 at
931 1159 996 1219 τόδε
1021 1161 1113 1221 Plato
1137 1162 1321 1221 sexcenties

146 1275 296 1334 adhibere
327 1273 410 1332 solet
440 1273 599 1347 11116351
632 1274 668 1348 B,
694 1273 786 1346 Gorg.
813 1272 1083 1347 4546616111
1112 1275 1206 1335 novis
1231 1289 1322 1348 argu·
1433 1273 1438 1281 '

147 1388 268 1447 montts
299 1388 480 1457 afferendis,
513 1387 628 1460 quibus
660 1378 883 1447 adversarium
912 1388 1029 1447 erroris
1053 1389 1234 1462 convincat,
1265 1378 1323 1446 ὦδε

149 1491 218 1570 (ὧδέ
251 1522 324 1576 πως,
356 1500 435 1584 τῇδε,
464 1499 533 1584 τῇδέ
564 1505 616 1582 πῃ)
648 1502 759 1560 autem
792 1502 825 1560 61
855 1499 920 1589 τάδε
952 1501 1078 1580 quando
1111 1515 1158 1576 ea,
1183 1500 1322 1573 quaein

150 1616 294 1675 medIum
327 1594 479 1690 protulit.
505 1615 706 1689 argumentis
741 1614 870 1675 firmare
906 1615 1025 1689 studet,
1061 1614 1180 1701 quibus
1215 1614 1322 1673 omnis

150 1729 307 1788 dubitatio
338 1744 379 1787 ex
403 1728 559 1788 auditoris
582 1732 692 1788 mente
717 1728 889 1787 eximatur.
920 1761 956 1769 -
980 1729 1018 1787 In
1042 1727 1252 1799 sequentibus
1276 1719 1319 1803 ἆρ’

148 1832 204 1900 οὖν
228 1839 277 1898 καὶ
299 1840 389 1901 νόσον
408 1846 457 1900 κτλ
480 1843 576 1903 verba
596 1842 788 1917 φυλάξασθαι
802 1839 852 1899 ιιαλ
864 1846 970 1900 λαθεῖν
984 1843 1069 1901 viros
1082 1842 1320 1913 ddadmodum

147 1957 321 2029 torserunt,
346 1958 403 2016 sed
427 1972 482 2017 eos
506 1956 590 2030 fugit
613 1954 689 2026 ὅστις
710 1958 743 2016 61
762 1947 848 2026 οὗτος
869 1955 1075 2016 librariorum
1095 1955 1189 2029 culpa
1211 1955 1322 2014 sedem
1415 2023 1419 2030 ⁵

149 2070 313 2130 mutasse:
343 2085 418 2129 cum
446 2071 533 2129 enim
557 2069 674 2142 ubique
697 2066 730 2127 τὸ
755 2068 948 2143 φυλάξασθαι
972 2070 1126 2142 urgeatur
1145 2063 1172 2137 (ὁ
1197 2067 1323 2139 πατάξαι

150 2180 325 2257 δεινότατος,
360 2173 445 2253 οὗτος
476 2179 526 2240 καὶ
558 2181 750 2257 φυλάξασθαι
784 2216 823 2224 -
857 2179 945 2260 ὅσπερ
975 2178 1120 2255 κλέψαι..
1135 2223 1171 2255 ..,
1195 2176 1211 2239 ὁ
1235 2177 1323 2250 αὐτὸς

150 2294 248 2368 φύλαξ
272 2291 408 2372 ἀγαθός),
426 2296 600 2369 requiritur
619 2287 705 2366 οὗτος
730 2292 826 2364 δεινὸς
849 2293 1051 2369 φυλάξασθαι,
1068 2292 1144 2365 ὅστις
1157 2293 1322 2364 δεινότατος
1390 2301 1396 2310 ’

150 2410 216 2481 ατλ;
238 2408 353 2480 quibus
372 2408 477 2468 tribus
495 2409 654 2482 exemplis
674 2409 863 2481 praemissis
883 2409 1012 2468 inversa
1025 2410 1149 2468 ratione
1162 2408 1324 2468 concludit

151 2519 220 2580 ὅτου
244 2543 286 2590 τις
310 2517 367 2597 ἄρα
389 2519 484 2591 δεινὸς
504 2522 610 2596 φύλαξ,
630 2521 736 2580 τούτου
756 2518 805 2578 καὶ
825 2519 891 2599 φὼρ
913 2520 1016 2591 δεινός.
1031 2521 1135 2594 Verba
1147 2518 1197 2578 καὶ
1209 2524 1324 2596 λαθεῖν,

150 2651 232 2708 quae
263 2635 375 2695 Muret.
409 2637 442 2694 et
472 2635 500 2694 J.
531 2635 653 2695 Nusser
680 2636 786 2705 (Blatt.
813 2636 833 2695 f.
859 2635 947 2708 bayr.
972 2650 1083 2708 gymn.
1108 2634 1196 2708 XXI,
1225 2634 1321 2703 1885)

150 2749 267 2824 delent,
300 2751 333 2808 61
364 2749 443 2808 1111111
475 2749 584 2822 spuria
613 2748 778 2808 videntur:
813 2750 923 2807 utrum
950 2744 1322 2821 66161111αθεῖν611μὴ

150 2866 262 2919 τταθεῖν
292 2864 350 2930 (616
380 2862 459 2922 Bkh.
493 2877 519 2921 c.
552 2861 675 2921 duobus
702 2863 802 2931 codd.)
831 2877 872 2921 an
896 2859 936 2936 μὴ
960 2861 1061 2938 λαβεῖν
1086 2864 1141 2930 (z
1153 2861 1321 2933 corripere)

151 2990 248 3049 super
267 2975 458 3049 φυλάξασθαι
478 2975 562 3034 111161
583 2990 696 3034 versus
709 2975 866 3048 scrIptum
878 2974 986 3048 fuerit,
999 2973 1173 3033 diiudicare
1186 2987 1319 3046 nequeo

153 3088 336 3149 Schneideri
370 3097 429 3148 crm
465 3086 667 3162 φυλάξασθαι,
696 3085 746 3144 καὶ
776 3090 881 3146 λαθεῖν
912 3079 998 3158 οὗτος
1031 3084 1091 3157 [καλ
1122 3087 1167 3157 (in
1191 3086 1323 3159 optimis

151 3202 239 3261 codd.
270 3205 347 3261 recte
370 3202 486 3272 omisi]
513 3200 677 3271 δεινότατος
701 3197 862 3277 ἐμποιήσας
887 3200 1061 3274 probarunt
1085 3199 1196 3259 stallo.
1225 3198 1320 3272 1858,

151 3315 298 3390 Madvig„
330 3315 449 3375 Baiter.
476 3315 683 3375 Hermannus
706 3317 817 3374 contra
845 3318 877 3373 et
910 3312 1041 3385 (lampb.
1067 3312 1234 3384 vulgatam
1259 3325 1321 3369 ser·

152 3430 269 3488 varunt
316 3430 443 3488 mutata
486 3429 580 3488 modo
621 3428 879 3501 interpunctione
920 3426 984 3485 sic:
1030 3424 1232 3499 porrigerem,
1272 3420 1348 3490 ιιαλΙ

150 3544 256 3599 rasel
269 3585 275 3598 .
289 3585 294 3597 .
309 3585 334 3597 ..
359 3536 524 3615 ἐμποιῆσαι.
546 3540 666 3600 worn.
689 3542 800 3600 autem
821 3541 854 3599 αι
874 3514 1065 3599 zaurr'erscu
1086 3538 1234 3608 (161611.
1256 3537 1278 3596 r.
1292 3537 1321 3596 e.

151 3654 264 3712 661611.
285 3666 374 3725 gym.
398 3651 547 3726 XXVIII,
575 3653 670 3722 1877)
695 3655 838 3712 veterem
854 3645 875 3723 ¹)
899 3653 1092 3725 interpunct.
1118 3649 1322 3724 (φυλάξασθαι

151 3763 200 3823 ναὶ
223 3769 347 3840 λαθεῖν,)
370 3766 581 3839 16116661661,
606 3780 670 3837 qua
692 3766 815 3825 ratione
846 3768 952 3823 λαθεῖν
980 3764 1075 3838 plane
1098 3763 1240 3823 otiosum
1261 3763 1320 3822 661.

152 3878 336 3938 Schneideri
370 3889 429 3939 eam
461 3879 582 3952 optime
614 3875 1323 3953 0611161).1616161111,111666161661616116

151 4006 191 4050 on
226 3991 281 4051 the
318 4007 426 4064 wrong
457 3992 555 4066 word,
587 3992 636 4052 for
666 3991 721 4050 the
752 3991 907 4065 principat
936 3993 1027 4065 point
1056 3992 1084 4049 is
1108 3991 1165 4049 not
1187 3989 1260 4047 that
1282 3987 1322 4047 hs

152 4105 224 4163 who
252 4119 311 4163 can
335 4105 435 4177 guard
455 4104 584 4176 against
607 4104 733 4164 disease
757 4119 816 4164 can
841 4105 879 4163 be
903 4105 1008 4164 secret
1032 4104 1064 4162 in
1088 4101 1262 4176 producing
1286 4101 1321 4176 11,

153 4218 210 4276 1661
240 4217 312 4276 that
343 4218 382 4277 he
414 4233 473 4278 can
504 4219 640 4292 produce
673 4219 699 4276 11
721 4221 753 4278 ut
775 4217 850 4286 ull'')
873 4212 1145 4289 neque'intelligo
1169 4229 1235 4289 cur,
1260 4214 1323 4273 6161

187 4570 205 4634 ¹)
224 4573 253 4619 In
271 4573 328 4622 Par.
346 4572 368 4617 A
384 4573 443 4630 post
461 4568 611 4632 φυλάξασθαι
631 4586 678 4618 non
694 4571 803 4616 incisum
822 4571 867 4615 est.
