3000 5018
806 271 869 330 150

103 453 167 513 469
192 448 222 515 Α
291 456 447 517 Richards
482 454 595 534 (Class.
619 459 708 518 Rev.
744 457 838 527 1893)
870 457 908 517 ci.
941 453 992 514 ναὶ
1026 454 1178 538 <θήκῃ>
1206 455 1264 514 τίνι
1288 452 1426 537 διαφόρῳ

250 563 333 643 (coll.
358 570 455 643 Legg.
479 571 543 631 947
567 571 614 646 B),
638 587 701 643 quo
724 571 774 630 bis
797 570 882 629 idern
907 570 1040 644 dicitur;
1066 571 1100 629 at
1123 569 1256 641 vulgata
1279 567 1336 626 τίνι
1362 566 1427 625 δια-
1458 610 1461 618 .

249 681 333 766 φόρρο
357 684 599 757 comprehendit
617 681 672 760 τὴν
691 682 846 761 πρόθεσιν,
864 680 918 758 τὴν
938 679 1079 761 ἐκφοράν,
1099 680 1168 752 τοὺς
1180 681 1304 759 ὕμνους,
1316 683 1427 742 cetera

250 794 372 855 funeris
392 795 561 872 solemnia,
582 811 664 869 quae
683 797 716 857 in
736 797 832 869 Legg.
854 797 916 856 947
930 796 1026 855 B-l]
1039 797 1280 856 enumerantur.
1296 829 1335 838 -
1351 795 1426 854 Mox

248 907 320 982 lege
344 907 420 968 οὕτω
448 906 519 980 [καὶ]
544 909 646 992 παύση,
668 925 745 970 nam
765 909 906 982 alioquin
927 909 1019 969 Plato
1040 910 1224 983 scripsisset
1247 905 1420 979 <ὡςκαλ>

198 1013 270 1103 Bp
301 1016 339 1078 λλν
369 1024 427 1079 κτλ.
461 1020 547 1081 Ollio
579 1018 628 1099 (ut
651 1016 721 1094 εἶτα)
746 1024 930 1083 sexcenties
951 1025 1025 1097 post
1047 1022 1216 1097 participia
1237 1023 1377 1096 ponitur.
1406 1015 1422 1101 Ιλ

248 1134 318 1193 vam
341 1136 366 1194 L
390 1132 481 1194 ταύτὰ
505 1132 537 1194 δὲ
558 1136 650 1219 ιαύιη
673 1137 820 1211 probavit
843 1136 953 1197 Heller
977 1132 1061 1212 (Gur.
1088 1135 1163 1195 crit.
1188 1151 1218 1210 p.
1239 1137 1292 1205 28)
1313 1136 1425 1195 contra

248 1249 388 1322 optimos
412 1249 513 1325 codd„
541 1250 637 1311 male.
661 1284 700 1294 —
723 1250 895 1311 Glauconis
916 1264 1107 1323 responsum
1127 1245 1425 1324 ιλποῖονδήροουο

248 1361 369 1422 clamat
389 1362 421 1420 in
441 1363 599 1436 proximis
619 1364 776 1438 seriptum
800 1363 902 1423 fuisse
921 1361 994 1441 πρὸς
1013 1361 1082 1437 τοὺς
1094 1354 1260 1438 ’πολεμίους
1290 1351 1420 1427 <ὧδὲ>

247 1495 311 1546 νιος
341 1474 518 1552 ποιήσουσιν
549 1480 607 1535 κτλ.
638 1477 738 1537 Paulo
768 1478 842 1551 post
873 1476 1043 1537 ridiculum
1068 1476 1224 1536 mendum
1249 1491 1266 1535 e
1290 1475 1424 1535 Platone

249 1590 359 1650 exime
378 1590 562 1663 corrigendo
577 1593 798 1648 ΜΗΛΑΜΗΙ
807 1606 863 1664 pro
882 1583 989 1648 MHA’
1002 1589 1148 1648 ΑΛΛΗΙ
1160 1583 1191 1665 ¹),
1204 1604 1281 1648 nam
1295 1591 1425 1663 propter

249 1718 363 1764 vocem
378 1699 527 1780 Ἕλληνας
551 1704 650 1764 verba
672 1698 742 1780 μηδ’
770 1700 842 1786 ἄλλη
868 1708 922 1774 (so.
947 1701 1039 1775 πόλει)
1064 1704 1247 1764 necessario
1270 1702 1424 1782 βάρβαρον

248 1814 336 1875 πόλιν
367 1817 519 1892 indicant,
548 1818 657 1889 itaque
681 1817 802 1878 librarii
826 1817 958 1877 ridicule
983 1817 1148 1878 Socratem
1172 1817 1320 1878 fecerunt
1344 1818 1423 1890 cogi·

249 1931 375 1990 tantem
399 1931 546 1991 omnium
570 1933 675 1990 terrae
694 1931 842 2005 gentium
862 1931 1136 2007 reformationem,
1157 1933 1270 1992 contra
1283 1931 1425 1991 Socratis

250 2045 406 2120 mentem,
431 2044 470 2104 cf.
495 2045 583 2104 enim
607 2043 711 2105 4690
734 2042 844 2120 μᾶλλόν
867 2037 898 2122 γ’
925 2039 962 2103 liv
986 2035 1042 2102 οὖν
1066 2043 1143 2104 οὕτω
1167 2043 1240 2123 πρὸς
1263 2042 1333 2114 τοὺς
1353 2045 1425 2122 βαρ-

250 2157 362 2236 βάρους
392 2154 554 2237 τρέποιντο,
584 2155 696 2217 ἓαυτῶν
724 2152 755 2216 δ’
782 2154 946 2235 ἀπέχοιντο,
969 2159 1031 2218 471
1057 2159 1083 2217 Β
1106 2155 1180 2235 πρὸς
1205 2153 1237 2216 δὲ
1260 2156 1330 2228 τοὺς
1354 2157 1426 2234 βαρ-

249 2268 371 2348 βάρους,
394 2267 433 2341 ὡς
456 2279 514 2329 νῦν
538 2270 569 2330 οἵ
580 2267 723 2348 Ἕλληνες
745 2269 819 2350 πρὸς
842 2268 994 2348 ἀλλήλους.
1020 2271 1198 2346 Quominus
1211 2267 1364 2347 Ἓλληνας
1388 2270 1426 2330 de

250 2382 416 2443 Platonica
428 2384 560 2444 civitate
573 2384 696 2444 dictum
710 2384 917 2459 accipiamus,
930 2399 993 2443 non
1006 2385 1101 2444 modo
1110 2384 1326 2457 grammatica
1340 2381 1425 2461 (scri-

248 2496 388 2556 bendum
408 2498 479 2556 tum
500 2496 655 2556 nimirum
669 2500 738 2557 erat
749 2494 898 2574 Ἕλληνος
916 2493 1135 2574 <ὅνιας>,ολ.
1149 2499 1211 2557 471
1226 2495 1266 2575 A)
1279 2499 1425 2575 impedit,

249 2611 306 2672 sed
333 2611 416 2684 quod
439 2611 572 2671 maioris
596 2611 754 2671 momenti
778 2612 838 2686 est,
863 2625 944 2670 sana
967 2611 1060 2687 ratio,
1084 2611 1160 2683 quia
1182 2610 1318 2671 minime
1343 2612 1427 2671 inter

249 2739 285 2785 se
316 2724 431 2798 opponi
461 2725 598 2798 possunt
621 2724 681 2784 hae
705 2723 786 2783 duae
810 2723 1017 2796 quaestiones
1041 2723 1126 2783 δοκεῖ
1146 2723 1262 2782 δίκαιον
1277 2720 1425 2802 Ἕλληνος

249 2841 286 2908 (s.
314 2834 463 2915 ’Έλληνας
498 2833 595 2909 ὄντας)
625 2831 801 2914 Ἑλληνίδας
831 2834 931 2908 πόλεις
962 2833 1251 2915 ἀνδραποδίζεσθαι;
1282 2840 1316 2898 et
1348 2837 1431 2896 δοκεῖ

249 2950 366 3010 δίκαιον
397 2945 469 3028 μηδ’
503 2947 576 3033 arip
608 2947 665 3027 (so.
697 2946 791 3027 πόλει)
819 2946 983 3028 ἐπιτρέπειν
998 2943 1021 3027 ²)
1046 2948 1103 3027 (sc.
1128 2958 1215 3009 τοῦτο
1241 2950 1325 3028 δρᾶν)
1350 2955 1423 3023 mlo

250 3063 421 3124 Praeterea
444 3078 583 3136 sequens
608 3060 637 3140 (θ
662 3063 694 3134 0)
717 3065 806 3137 paru
830 3060 887 3140 ιλρα
912 3064 1031 3123 diserte
1055 3065 1175 3124 indicat
1195 3065 1363 3125 Socratem
1386 3081 1425 3126 ex

252 3177 423 3238 enunciato
456 3177 599 3250 generali
629 3174 665 3236 ot
698 3173 814 3234 δίκαιόν
845 3172 922 3234 ἐστιν
946 3171 1094 3252 Ἕλληνος
1121 3170 1298 3253 Ἑλληνίδας
1329 3176 1424 3247 πόλεις

251 3288 523 3370 ἀνδραποδίζεσθαι
555 3289 704 3362 colligere
735 3304 795 3348 neo
823 3288 1023 3349 Platonicam
1048 3289 1215 3349 civitatem
1239 3290 1353 3350 decere
1376 3288 1425 3349 τὸν

251 3401 495 3481 ἀνδραποδισμὸν
526 3405 558 3463 θλ
585 3403 710 3463 iustum
735 3417 806 3462 esse
830 3405 890 3472 τοῖς
914 3397 1012 3472 ἄλλοις
1027 3398 1177 3492 Ἕλλησιν
1195 3401 1271 3461 οὕτω
1296 3404 1425 3481 συμβου-

205 3513 229 3582 G
250 3515 355 3584 λούειν.
381 3508 400 3599 ΙΙ
423 3517 507 3590 Lege
535 3509 654 3593 Μηδέν
677 3531 734 3591 pro
754 3511 856 3591 Μηδέ,
876 3516 913 3574 ut
932 3517 966 3575 et
983 3515 1199 3588 grammatica
1220 3515 1253 3575 et
1265 3516 1425 3576 sententia

252 3629 363 3689 salvae
395 3630 543 3690 evadant.
575 3628 647 3688 Noli
679 3624 718 3704 (c.
752 3624 926 3704 Stephano)
959 3627 1184 3688 eFlorentino
1208 3644 1231 3686 x
1253 3628 1324 3685 vam
1349 3629 1374 3689 L
1395 3627 1425 3688 ιλ

199 3741 230 3806 l)
254 3740 421 3820 μαχόμενον
444 3742 595 3819 recipere,
619 3742 695 3815 quia
718 3742 832 3801 statim
856 3741 1003 3812 sequitur
1025 3738 1076 3799 τὸν
1095 3745 1251 3800 τεθνεῶτα.
1265 3734 1284 3825 ΙΙ
1299 3742 1425 3817 Optime

252 3857 434 3931 Stephanus
459 3854 542 3934 (Ast)
566 3854 599 3915 τὸ
623 3858 699 3917 ante
721 3852 862 3932 πολέμιον
887 3854 1017 3931 νομίζειν
1041 3854 1170 3930 delevit,
1190 3871 1267 3916 nam
1288 3872 1426 3931 sequens

251 3978 304 4029 τοῦ
328 3968 437 4048 ἐχθροῦ
462 3971 513 4030 est
534 3971 639 4030 neutr.
663 3969 800 4043 generis.
827 3969 995 4029 Artioulus
1018 3969 1234 4043 dittographia
1256 3973 1355 4031 natus
1378 3971 1427 4030 est

252 4080 505 4161 (ΤΟΠΟλέμιυν).

252 4259 471 4271 *a

285 4388 305 4456 ¹)
322 4387 379 4438 Vam
396 4393 417 4438 Is
434 4392 497 4452 μηδ”
510 4392 586 4446 ἄλλοις
601 4392 673 4452 prob.
692 4394 781 4440 Stallb.
800 4389 852 4456 (cd.
871 4394 967 4453 Goth).

281 4467 302 4534 ²)
325 4470 396 4529 Subj.
421 4471 493 4517 verbi
516 4471 646 4536 ἐπιτρέπειν
669 4474 708 4518 est
733 4476 797 4532 ἡμᾶς,
816 4473 883 4518 sicut
899 4472 971 4519 verbi
991 4469 1152 4534 ξυμβουλεύειν
1170 4472 1196 4517 in
1215 4469 1228 4533 ᾗ
1247 4473 1274 4530 0,
1292 4473 1325 4519 uf.
1344 4472 1423 4521 469Ε

247 4552 348 4608 οἴοομον.
366 4547 480 4596 Glauoon
498 4552 525 4596 et
543 4550 661 4597 Socrates
679 4553 739 4597 sunt
756 4556 778 4597 ολ
796 4551 925 4610 νομοθέται
942 4563 1021 4598 novae
1038 4552 1155 4599 civitatis.
1237 4601 1240 4607 ,
