3000 5018
811 279 874 340 148

197 463 228 530 I)
252 489 286 549 in
311 473 415 533 sain
435 471 520 532 Astii
540 471 758 532 emendationi
781 469 917 530 minime
941 470 1141 532 adversatur.
1158 463 1311 555 {lUtique
1336 471 1432 533 corri-

250 586 391 659 gendum
415 586 466 645 est
489 582 526 644 οδ
549 582 631 664 παρὰ
659 581 783 660 <νν)ν>
812 582 906 658 φύσιν
929 580 983 659 τὴν
1007 587 1065 642 ιιι).
1089 585 1164 645 Mox
1184 586 1317 659 optimis
1338 588 1430 647 codd.

250 696 301 757 ναὶ
331 700 404 773 post
435 696 531 777 ὥσπερ
562 697 789 758 omittentibus
812 712 927 758 omnes
951 697 1040 758 editt.
1066 700 1203 772 (praeter
1228 698 1354 770 Stallb.)
1379 715 1431 776 pa·

250 813 393 887 ruerunt,
425 813 522 888 recte,
555 825 619 871 non
650 811 737 872 enim
768 825 898 885 semper
927 807 978 869 αα)
1010 814 1065 881 (=
1096 811 1206 883 etiam)
1234 812 1267 872 in
1292 816 1430 886 utroque

197 924 224 989 ll
249 924 499 998 comparationis
531 924 677 985 membro
708 924 847 998 ponitur.
879 914 900 1006 ΙΙ
932 924 1075 984 Proximi
1099 923 1252 986 infinitivi
1277 924 1430 988 διακονεῖν

248 1037 297 1098 καὶ
320 1037 476 1116 ὑπηρετεῖν
499 1040 539 1100 ab
564 1035 668 1111 ἄξουσι
687 1038 827 1113 pendent
846 1035 943 1115 (siout
964 1041 1038 1114 post
1062 1035 1199 1117 πέμπειν,
1217 1039 1430 1120 παραδιδόναι,

246 1151 440 1227 καταλείπειν,
461 1148 593 1228 ἀφιέναι,
612 1153 685 1211 sim.
706 1153 814 1228 verba,
834 1153 964 1226 saepius
977 1152 1158 1213 infinitivus
1171 1151 1270 1215 finem
1283 1155 1427 1232 indicat),

247 1266 356 1337 itaque
380 1265 514 1324 minime
540 1280 620 1338 opus
644 1266 695 1325 est
718 1264 770 1324 vel
794 1264 998 1324 Hevwerdeni
1021 1264 1094 1335 (Mn.
1124 1266 1219 1336 1883)
1243 1270 1277 1327 ca
1306 1267 1423 1343 <δει>

247 1365 395 1437 διανονεῖν
419 1381 493 1451 (qua
517 1380 552 1437 ca
575 1394 690 1453 pamm
715 1378 880 1452 eleganter
898 1378 1080 1439 sententiae
1100 1380 1194 1440 tenor
1212 1381 1425 1458 abrumpitur,

247 1493 362 1566 quippe
394 1493 477 1564 quod
509 1492 656 1553 mutatur
686 1491 869 1552 subiectum
897 1493 930 1553 et
953 1507 1010 1566 pro
1035 1490 1083 1550 δεῖ
1102 1492 1174 1553 coll.
1199 1470 1426 1572 στρατεύσονται

247 1609 279 1667 et
309 1602 414 1677 δξονσι
443 1605 551 1680 potius
583 1603 680 1682 δεήσει
703 1606 929 1682 requireretur,
954 1621 1028 1666 cum
1052 1607 1132 1666 haec
1156 1608 1266 1668 omnia
1289 1619 1310 1669 a·
1333 1608 1425 1686 δῆλον

246 1718 289 1778 ὅτι
319 1720 488 1795 pendeant)
520 1719 571 1778 vel
603 1719 783 1779 Richardar‘a‘
814 1715 928 1795 (alass.
962 1719 1040 1780 Rev.
1077 1716 1174 1797 1893)
1198 1716 1257 1803 θέᾳ
1286 1720 1425 1790 <daddo-

245 1844 389 1908 ιιωνται)
425 1832 583 1892 διακονεῖν.
609 1833 781 1894 Liebholdi
814 1833 929 1903 (Fleck.
958 1833 1028 1894 Jbb.
1057 1833 1152 1904 1888)
1176 1837 1236 1894 cam
1249 1831 1314 1894 ὅσοι
1338 1832 1425 1915 ἁδροὶ

243 1945 294 2034 αα.)
326 1940 383 2008 οἷοι
413 1947 529 2007 deletis
560 1946 667 2007 verbis
700 1940 735 2004 ἵν’
770 1948 803 2006 et
826 1941 858 2005 δὲ
883 1948 969 2016 (ante
992 1955 1027 2030 τῇ
1051 1943 1121 2029 θέα)
1146 1947 1266 2008 citasse
1290 1952 1343 2009 est
1365 1950 1421 2010 im-

245 2061 409 2135 probasse.

95 2174 158 2234 467
198 2169 221 2235 0
291 2172 518 2248 Corrigendum
539 2172 676 2232 arbitror
692 2169 760 2241 τοὺς
772 2166 884 2250 ἄνδρας
900 2169 1051 2245 (rode)
1067 2172 1253 2249 πολεμικούς.
1266 2174 1424 2238 Richards

245 2287 357 2357 (class,
381 2287 460 2348 Rev.
484 2287 579 2357 1893)
600 2288 729 2361 propter
747 2301 939 2360 praegressa
960 2285 1083 2364 σμικρὸν
1104 2286 1158 2347 οἴει
1171 2259 1325 2368 διαφέρειν
1338 2291 1423 2352 dubi·

244 2401 352 2460 tanter
375 2401 413 2460 ci.
438 2375 512 2458 dria
537 2398 682 2470 <ντο11ι>
714 2397 751 2476 (s.
778 2396 938 2478 <μέφα>)
968 2397 1111 2480 διαφέρει,
1133 2416 1196 2474 quo
1219 2417 1301 2476 opus
1324 2407 1422 2480 esset,

152 2541 154 2545 ’
244 2514 272 2573 si
305 2514 397 2574 Plato
432 2515 504 2587 post
539 2509 663 2591 σμικρὸν
697 2529 760 2573 non
793 2513 970 2574 addidisset
1001 2512 1056 2574 οὐκ
1079 2511 1163 2586 ἄξιον
1185 2515 1350 2590 κινδύνον;
1373 2518 1423 2576 his

245 2629 355 2688 autem
391 2627 552 2702 adiunctis
587 2626 730 2687 Glaucen
764 2628 935 2701 respondet
969 2630 1062 2700 quasi
1099 2628 1249 2690 Socrates
1284 2601 1424 2691 dixisset

244 2737 333 2799 οὐδὲν
363 2739 416 2801 οἴει
449 2737 609 2820 διαφέρειν.
642 2740 845 2802 Probandam
873 2756 952 2801 vero
974 2741 1045 2799 Vam
1068 2743 1093 2801 L
1119 2738 1272 2822 διαφέρειν
1295 2759 1423 2804 censeo.

244 2853 318 2913 Mox
348 2854 435 2914 idem
465 2850 497 2930 (l.
530 2854 562 2924 1.)
596 2853 634 2914 ci.
666 2855 723 2914 aut
744 2850 1007 2933 προσμηχανηνέον
1032 2856 1089 2915 aut
1118 2853 1301 2933 <δεήοει>,
1324 2856 1421 2932 male,

245 2982 322 3026 nam
354 2983 395 3026 ex
426 2963 592 3046 ὑπαρκτέον
623 2967 711 3027 nullo
744 2968 871 3041 negotio
894 2966 943 3026 δεῖ
961 2968 1002 3028 ad
1025 2972 1297 3047 προσμηχανᾶσθαι
1320 2968 1420 3044 repeti

244 3082 361 3155 potest.
753 3083 755 3087 '

190 3186 221 3251 l)
289 3194 339 3253 Ad
371 3191 412 3264 εἰς
447 3189 479 3252 δὲ
513 3191 565 3265 τὰς
595 3196 704 3254 mente
736 3194 951 3268 supplendum
981 3196 1032 3254 est
1062 3189 1155 3271 δγειν,
1184 3194 1294 3268 itaque
1328 3195 1417 3255 nobis

246 3323 310 3367 non
333 3322 413 3381 opus
438 3309 488 3368 est
511 3307 673 3368 Liebholdi
695 3307 811 3377 (Fleck.
835 3307 906 3368 Jbb.
934 3307 1029 3377 1888)
1051 3308 1235 3367 coniectura
1254 3304 1314 3366 ἔστι
1335 3303 1367 3367 δὲ
1385 3303 1419 3379 a

247 3420 469 3499 εὐλαβήσονται.

195 3530 222 3594 Ε
290 3535 314 3592 Ε
339 3535 445 3594 codice
469 3535 590 3594 Monac.
616 3550 635 3608 q
658 3535 784 3595 Beklrer
807 3534 869 3594 Ast
892 3533 1003 3594 Stallb.
1029 3533 1140 3593 Herm.
1168 3531 1297 3608 Oampb.
1323 3536 1418 3604 (recte
1448 3608 1451 3613 1

200 3715 204 3720 ,
245 3648 412 3707 conferens
437 3648 565 3710 Menon.
586 3651 627 3710 93
651 3647 691 3726 1))
714 3650 788 3709 lect.
814 3644 1028 3724 διδαξαμένους
1054 3650 1163 3720 (quam
1186 3647 1253 3708 iarn
1273 3647 1314 3707 H.
1335 3646 1421 3708 Woll

245 3761 446 3838 probaverat,
472 3762 534 3823 vid.
557 3763 759 3837 Philologum
782 3760 878 3839 1855)
899 3761 1081 3822 rectissime
1101 3762 1300 3835 receperunt.
1321 3761 1418 3821 Accu·

245 3876 350 3935 sativo
374 3875 533 3949 participii
557 3870 625 3950 (pro
650 3872 868 3953 διδαξαμένοις)
889 3891 949 3936 nos
973 3874 1091 3935 offendi
1114 3889 1179 3945 non
1202 3875 1329 3949 oportet
1348 3873 1418 3935 coll.

247 3990 311 4048 468
342 3989 372 4048 A
402 3997 464 4059 πῶς
494 3984 593 4047 ἑκτέον
624 4004 669 4048 σοι
700 3987 769 4060 τοὺς
792 3986 978 4068 στρατιώτας,
999 3988 1082 4048 Tim.
1107 3987 1149 4048 88
1173 3989 1199 4047 B
1222 3989 1282 4048 ult.
1306 3984 1359 4046 τὸν
1383 3984 1419 4064 δὴ

246 4099 456 4178 μαθηματικὸν
486 4105 546 4178 ιιι),
576 4101 649 4162 ibid.
682 4102 725 4161 89
756 4102 783 4161 D
812 4103 867 4179 in.,
892 4103 1038 4176 Xenoph.
1063 4101 1194 4163 Memor.
1220 4104 1250 4178 3,
1277 4104 1316 4163 11
1343 4099 1419 4163 ἰτέον

246 4210 283 4271 διν
315 4214 359 4292 εἴη
390 4211 604 4292 θεασαμένους.
637 4215 840 4290 Optimorum
866 4216 955 4276 codd.
986 4215 1059 4275 leot.
1085 4210 1298 4291 διδαξομὲνοας
1321 4231 1419 4276 εοεαε

246 4327 363 4387 rationi
381 4330 548 4402 repugnat.
570 4329 753 4389 Schneideri
772 4329 942 4388 inventum
956 4324 1202 4404 δεδιδαξομὲνοας
1214 4343 1299 4388 unus
1311 4329 1419 4389 Baiter

222 4441 410 4514 probavit!

87 4551 211 4626 Mad
284 4554 408 4614 Parum
441 4554 607 4628 eleganter
637 4558 670 4616 et
700 4557 769 4616 sine
796 4570 896 4617 causa
919 4555 994 4617 clar.
1019 4555 1176 4616 Richards
1200 4551 1316 4632 (class.
1339 4556 1416 4617 Rev.
