3000 5018
768 261 808 321 76

202 446 282 524 Quia
312 446 410 508 verba
441 442 481 516 ὡς
512 444 583 522 μήτε
614 443 724 516 αὐτοὺς
755 443 862 525 γόητας
894 441 981 517 ὄντας
1004 461 1071 507 aee.
1096 446 1265 507 absolutus
1286 452 1382 526 eunt,

202 559 288 621 male
319 558 431 619 Stailb.
463 557 562 618 vertit
589 560 645 634 „ut
667 560 855 619 statuamus
877 573 981 632 neque
995 604 1002 619 .
1016 603 1024 620 .
1038 602 1045 619 .
1059 561 1196 632 neque.”
1222 560 1311 621 Hane
1340 565 1380 624 ob

202 688 334 734 eausam
359 672 539 733 Richardsii
559 671 672 742 (class.
693 672 771 733 Rev.
796 671 893 751 1893)
915 673 1174 735 emendationem
1188 673 1377 754 παράγοντας

201 802 333 866 prorsus
367 785 587 847 neeessariam
622 785 712 846 duco.
748 785 870 846 Collato
905 788 1016 847 autem
1052 786 1213 847 consimili
1243 787 1312 849 ioco
1345 792 1373 852 in

202 900 310 961 3800
346 890 557 977 (οὗτος...εἷς
591 895 629 958 ἂν
664 898 709 976 εἴη
740 900 984 978 τῶν...τύπων,
1014 898 1045 960 ἐν
1077 895 1100 984 ᾧ
1125 900 1224 979 δεήσει
1246 901 1368 975 τοὺς...

200 1009 294 1093 λέγειν
312 1010 362 1072 καὶ
375 1059 381 1071 .
394 1058 400 1071 .
414 1058 440 1070 ,.
460 1016 567 1088 ποιεῖν,
578 1008 618 1088 μὴ
639 1010 759 1071 πάντων
779 1011 873 1072 αἴτιον
893 1011 944 1073 τὸν
963 1012 1038 1073 θεόν
1058 1029 1103 1075 sc.
1124 1006 1212 1092 εἶναι)
1232 1017 1367 1090 suspicor

201 1128 369 1189 Platonem
393 1127 445 1186 hic
468 1125 637 1200 scripsisse
658 1130 765 1203 ποιεῖν,
785 1123 847 1198 [ὡς]
868 1125 940 1204 μήτε
960 1125 1070 1198 αὐτοὺς
1089 1126 1198 1206 γόητας
1218 1126 1275 1207 (sc.
1287 1123 1362 1208 εἶναι)

151 1242 180 1305 Β
204 1251 243 1323 τῷ
274 1238 462 1318 μεταβάλλειν
485 1243 542 1298 τιτλ.
568 1230 587 1321 ΙΙ
611 1237 710 1299 Reeie
733 1239 793 1298 Ast
818 1238 977 1316 (Schneid.
1001 1241 1084 1302 Bait.
1110 1239 1257 1322 Campi.)
1279 1244 1361 1304 verba

201 1350 389 1412 ἐνδατεῖσθαι
411 1349 462 1423 τὰς
486 1349 535 1424 ἑὰς
559 1350 715 1424 εὐπαιδίας
731 1346 753 1430 1)
777 1367 797 1411 a
819 1353 1007 1414 continuata
1030 1354 1187 1416 orationis
1210 1357 1291 1418 serie
1309 1373 1360 1417 non

200 1466 349 1527 secrevit.
375 1466 444 1527 See.
471 1465 601 1540 Gampb.
626 1467 696 1526 Par.
719 1466 748 1524 Α
767 1459 870 1525 παιών’
894 1481 969 1527 cum
989 1469 1057 1529 eod.
1079 1468 1188 1531 Melet.
1209 1470 1243 1530 ei
1260 1466 1363 1533 Vende*

201 1579 341 1641 exhibet.

235 1847 256 1914 ¹)
273 1851 369 1899 Versus
386 1852 446 1897 sunt
463 1848 530 1911 apud
547 1848 658 1896 Dindorf
672 1848 791 1908 Aeeohyl.
809 1848 840 1895 ir.
858 1850 905 1896 281
925 1845 959 1909 (λξ
976 1850 1066 1909 ἀδήλων
1083 1850 1225 1914 δραμάτων).
