3000 5018
196 109 282 169 male
318 109 510 182 probarum
544 105 720 166 verisimile
755 107 806 165 cst
842 119 915 165 eam
949 106 1123 167 lectionem
1154 70 1492 181 dittograpmal‘

142 224 173 288 l)
197 222 301 281 ortam
327 236 408 282 esee.
434 211 453 303 ΙΙ
477 219 641 279 Herwerd.
667 218 740 287 (lin.
769 217 864 287 1883)
887 220 961 291 post
984 214 1022 276 tie
1047 220 1262 280 omissionem
1287 178 1465 281 veri't‘1

113 374 117 381 -
194 325 214 415 ᾖ
244 347 339 406 aegre
370 333 476 393 ferens
507 333 545 392 ci.
577 327 615 407 ἣν
646 328 686 407 μὴ
718 330 887 399 (Stobaeue
917 326 956 407 ἥν
987 346 1044 406 pre
1072 329 1111 390 ίίν
1134 332 1266 408 exhib.),
1292 334 1365 405 quod
1385 316 1448 381 3’
1469 307 1498 338 ⁰

194 445 393 520 probandum
418 480 459 488 -
484 445 556 504 vide
583 443 668 503 infra
698 439 805 520 μηδενί
837 435 914 501 εἶναι
945 438 1039 520 μηδὲν
1062 451 1199 503 τοιοῦτον
1223 443 1267 516 τίς
1292 438 1309 503 1
1331 444 1365 505 οὐ
1420 416 1474 482 θ’

194 567 253 629 πᾶς
274 562 324 617 κτλ
349 592 390 602 -
413 559 542 633 propter
565 556 772 630 elegantiam,
796 569 860 615 non
884 557 1011 630 propter
1032 557 1279 632 necessitatem,
1301 559 1368 631 quia
1443 550 1498 599 5⁵

195 669 240 748 εἰη
261 673 294 731 et
312 663 332 754 ᾗ
351 686 416 731 non
436 669 537 730 semel
558 684 608 744 ap.
629 668 798 729 Platonem
817 668 1023 729 omittuntur.
1044 668 1115 730 Vid.
1137 685 1188 730 ex.
1205 684 1253 743 gr.
1269 671 1371 732 371A
1494 679 1500 705 ·‘

197 774 239 843 ὧν
259 779 296 841 ἂν
316 782 417 853 αὐτοῖς
435 781 524 861 χρεία.
544 782 590 842 De
610 781 717 842 verbis
737 781 870 840 omissis
886 781 959 841 vide
980 781 1128 842 Schanzii
1150 781 1276 844 comm.
1292 783 1372 844 Plat.

197 896 306 956 Novas
326 895 444 965 (1871).
466 894 632 955 Facillime
653 895 763 954 autem
784 893 854 953 iieri
873 894 978 967 potuit
997 891 1247 973 utposteivotycn
1259 895 1376 955 vocula

198 1001 470 1090 {ihaplographia
492 1006 701 1080 interciderit,
726 1007 811 1066 sicut
837 1005 938 1066 etiam
970 1006 1003 1064 in
1037 1007 1099 1067 371
1122 1008 1150 1066 A
1177 1008 1255 1068 ante
1279 1006 1377 1080 Κενός

147 1123 175 1188 ll
198 1120 308 1181 littera
336 1122 372 1178 H
392 1125 447 1191 (τ.-
468 1113 500 1204 ii)
523 1120 683 1180 excidisse
706 1119 803 1178 alicui
827 1117 928 1178 videri
951 1119 1068 1192 potest.
1090 1110 1110 1202 ΙΙ
1129 1118 1236 1180 Verba
1263 1128 1378 1199 χρυσοῦ

197 1232 296 1309 κτήσει
318 1236 391 1308 post
414 1237 531 1311 θνητοῦ
555 1232 690 1292 delenda
713 1233 800 1306 sunt,
826 1245 889 1290 non
910 1231 1005 1290 medo
1026 1232 1102 1304 quia
1121 1232 1299 1309 abundant,
1320 1234 1379 1295 sed

199 1347 274 1419 quia
293 1345 415 1424 χρυσίον
435 1346 607 1407 dicendum
623 1347 702 1405 erat.
718 1377 758 1387 -
770 1343 935 1403 Dobraeue
948 1344 1093 1414 (Advers.
1110 1343 1207 1416 1830)
1219 1346 1380 1422 stephani

96 1519 97 1522 ,
199 1463 273 1529 (ποτε
296 1460 396 1529 codd.)
419 1459 592 1519 lectionem
615 1454 697 1536 παρὰ
720 1468 786 1531 (pro
811 1453 887 1535 περὶ)
907 1453 939 1515 τὸ
959 1463 1018 1515 τῶν
1037 1460 1155 1516 πολλῶν
1174 1473 1240 1519 non
1258 1459 1378 1535 impro-

199 1573 297 1632 babat
327 1572 448 1647 (,‚mala
478 1573 517 1631 ab
542 1586 619 1631 auro
643 1570 811 1639 fluxisset
835 1569 962 1642 egregie
986 1569 1099 1631 falsus.
1124 1570 1251 1632 Audaci
1275 1574 1378 1633 meta·

199 1688 299 1760 phora
323 1686 414 1745 Plato
438 1685 472 1743 in
495 1685 559 1744 417
584 1683 627 1742 in.
651 1682 730 1740 illud
753 1696 870 1741 aurum
891 1681 1037 1742 divinum
1057 1679 1187 1759 νόμισμα
1207 1684 1378 1759 appellans
1478 1726 1500 1755 2

200 1799 371 1860 custodum
395 1799 534 1858 virtutes
557 1795 695 1868 intelligi
718 1794 830 1855 voluit.

55 1925 119 1984 417
148 1919 178 1984 A
247 1911 462 1971 Doctissimue
472 1909 506 1969 Ο.
521 1908 617 1982 Apelt
629 1907 756 1980 (Gymn.
770 1908 915 1967 Jahreeb.
924 1906 1070 1967 Weimar
1084 1907 1169 1968 1880
1184 1908 1374 1985 „observat
1447 1967 1472 1983 ,

199 2025 299 2085 critic.
324 2025 357 2083 in
380 2023 525 2083 Platonis
548 2022 730 2094 Dialogos'’)
753 2021 790 2081 ci.
812 2017 872 2079 ὑπὸ
891 2017 943 2078 τὸν
963 2016 1197 2100 annectentem
1218 2018 1375 2101 προσιέναι
1437 2056 1481 2094 ,2

198 2138 291 2213 („eub
314 2139 400 2197 tecto
424 2151 482 2196 suo
506 2135 679 2209 reciperet
703 2134 774 2195 coll.
795 2134 941 2208 Xenoph.
962 2134 1064 2194 Anah.
1086 2135 1116 2195 4.
1138 2136 1168 2195 ὅ.
1195 2135 1216 2196 5
1235 2135 1269 2195 οἱ
1283 2133 1374 2195 πάλιν
1419 2167 1500 2204 ψ,

197 2250 318 2329 ἥκοντες
342 2248 379 2309 οὐ
402 2247 563 2328 προσίεσαν
585 2244 659 2326 πρὸς
681 2244 714 2306 τὸ
738 2253 798 2324 πῦρ
822 2244 892 2317 τοὺς
915 2241 1084 2322 ὀψίζοντας,
1106 2247 1189 2307 male
1211 2247 1246 2307 ni
1268 2248 1372 2324 fallor,
1416 2300 1450 2332 ι
1464 2276 1495 2335 ‘ae

131 2431 133 2433 .
198 2365 274 2439 quia
293 2366 365 2423 tum
385 2365 459 2438 post
478 2359 510 2421 τὸ
530 2359 778 2438 μεταχειρίζεσθαι
796 2356 847 2418 καί
868 2357 1014 2417 ἅπτεσθαι
1026 2359 1205 2434 tautologia
1216 2362 1371 2423 nascitur.
1402 2409 1439 2426 -
1457 2386 1490 2431 -,

200 2475 309 2536 Αὐτῶν
331 2478 399 2536 iam
422 2476 546 2535 Faehse
570 2473 699 2547 (syllog.
725 2473 797 2533 lect.
821 2488 851 2546 p.
879 2474 953 2541 176)
977 2472 1173 2550 coniecerat;
1192 2448 1228 2533 in
1247 2474 1328 2535 Par⁰
1346 2476 1489 2540 ΑΔ

201 2588 299 2650 αὐτῶν
319 2590 420 2649 fuisse
441 2590 568 2648 videtur
587 2590 662 2647 ante
682 2587 825 2646 lituram.
846 2587 883 2645 In
903 2586 958 2655 §B
978 2584 1049 2645 dele
1069 2586 1167 2646 verba
1186 2582 1238 2645 ml
1254 2589 1412 2665 μᾶλλον,ξ
1422 2610 1487 2667 κν,

200 2704 274 2765 vide
299 2704 386 2764 dicta
409 2702 449 2762 ad
474 2703 537 2762 396
559 2701 594 2761 D.
