3000 5018
798 283 838 345 78

232 475 395 537 nonnullis
426 477 515 537 editt.
545 476 655 537 minus
686 476 838 535 idoneum
868 475 975 534 visum
999 476 1060 549 est,
1085 475 1168 548 quod
1192 473 1316 536 factum
1337 483 1437 537 non

233 592 330 666 esset,
362 590 391 649 si
421 589 649 649 meminissent
679 588 741 648 loci
773 587 993 647 memorabilis
1020 588 1357 651 inPhaed10251A
1400 578 1429 644 ὁ

235 699 267 762 δὲ
300 700 448 782 ἀρχιτελής
458 749 545 762 ......
578 701 648 762 ὅταν
677 697 809 772 θεοειδδς
844 699 1004 780 ττρόσωττον
1035 700 1085 784 ἴδγ
1095 747 1166 760 .....
1201 709 1319 782 πρῶτον
1348 697 1423 780 μὲν

231 816 330 895 ἔφριξε
339 862 409 876 .....
442 815 544 876 ἰδόντα
575 811 608 874 δὲ
638 812 740 891 αὐτόν,
770 807 834 874 οἷον
858 811 889 873 ἐκ
913 822 965 892 τῆς
989 814 1108 893 φρίκης,
1132 815 1279 894 μεταβολή
1303 811 1405 876 τεκαὶ

230 931 319 1011 ἱδρὼς
349 929 399 991 καὶ
429 930 576 1009 θερμότης
606 929 758 1008 λαμβάνει.
784 926 1008 1008 θερμανθέντος
1033 925 1065 988 δὲ
1088 927 1176 1007 ἒτάιιη
1201 927 1237 989 τόι
1259 927 1327 1010 περὶ
1349 928 1393 1007 τὴν

229 1045 356 1122 ἐκφυσιν
386 1049 444 1104 κτ).
469 1045 607 1104 Horrore
630 1044 685 1104 ilio
711 1059 805 1104 mens
828 1045 1034 1118 perturbatur
1058 1045 1092 1104 et
1116 1045 1256 1120 aestuat,
1281 1059 1344 1118 quo
1365 1043 1393 1104 nt

231 1163 267 1221 ut
302 1160 403 1221 animi
437 1159 533 1218 robur
563 1159 648 1218 sicut
679 1157 801 1217 ferrum
836 1158 1061 1219 candefactum
1093 1158 1269 1218 molliatur.
1306 1159 1395 1219 Recte

234 1273 363 1347 Oampb.
397 1272 495 1332 vertit
528 1275 593 1346 „too
622 1271 727 1333 διοικῶ
756 1271 776 1332 i.
802 1287 829 1332 e.
861 1286 1011 1348 nerrous,
1043 1272 1213 1348 excitabie,
1246 1273 1304 1333 not
1335 1272 1397 1333 oool

233 1387 391 1459 enough.”
420 1385 508 1445 Astii
539 1378 572 1445 ε’
594 1381 775 1462 ἀθυμότεροι
797 1385 907 1459 inepta
930 1385 991 1461 est,
1018 1399 1118 1458 quum
1143 1380 1262 1461 ἀθυμία
1286 1385 1399 1446 vitium

232 1500 285 1575 sit,
317 1514 380 1559 non
405 1513 480 1558 vero
511 1499 599 1558 iusta
622 1514 659 1559 ac
681 1500 863 1572 temperata
889 1497 1016 1575 μαλακία
1040 1499 1133 1567 (dixit
1156 1499 1244 1558 enim
1268 1497 1400 1576 μαλακό-

233 1634 309 1690 τεροι
339 1619 405 1671 τοῦ
437 1608 620 1682 δέοντος).
652 1612 726 1672 Mox
756 1611 878 1684 corrige
909 1608 960 1670 καλ
991 1606 1091 1688 ὀρθῶς
1121 1605 1159 1690 γ’,
1190 1609 1248 1689 ἔφη
1278 1610 1402 1690 [φοβού-

183 1722 209 1787 E
233 1728 333 1802 μεδα)
358 1716 378 1808 Η
401 1725 450 1784 Ex
473 1723 576 1801 ἥκιστα
603 1720 702 1783 δεινὸν
727 1740 783 1798 per
810 1738 947 1797 zeugma
970 1721 1046 1795 εἰκός
1070 1725 1111 1784 ad
1135 1719 1300 1803 όδόρεσθαι
1323 1725 1400 1798 cogi·

232 1840 368 1899 tandum
403 1840 463 1913 est,
499 1838 583 1910 quod
616 1836 685 1897 fieri
715 1839 823 1912 potest
857 1853 932 1898 oum
971 1835 1074 1914 ἥκιστα
1106 1835 1206 1897 δεινὸν
1238 1838 1327 1898 idem
1361 1839 1403 1898 sit

233 1953 329 2024 atque
360 1949 463 2027 ἥκιστα
491 1948 568 2021 εἰκὸς
591 1947 683 2009 αὐτόν
707 1947 845 2026 δεδιέναι,
868 1951 977 2023 itaque
1002 1964 1066 2011 non
1090 1951 1244 2025 recipiam
1268 1965 1402 2025 pravam

233 2071 319 2135 (uam
354 2080 395 2126 ex
429 2065 597 2125 Adimanti
630 2078 785 2138 responso
814 2063 892 2123 κολό
921 2085 954 2143 γε
984 2065 1004 2124 i.
1037 2079 1064 2124 e.
1096 2064 1172 2123 κολό
1199 2084 1232 2142 γε
1263 2062 1342 2136 εἰκὸς
1364 2061 1402 2141 με)

233 2175 396 2257 όδόρεσθαι
418 2181 508 2253 patet
531 2175 678 2238 Stallbum
700 2178 821 2237 falsum
842 2182 924 2247 esse)
945 2162 1056 2237 Staiibi
1076 2175 1135 2237 οδω
1155 2172 1302 2255 όδόρετιιι,
1322 2174 1402 2256 φέρει

234 2289 266 2351 δὲ
293 2295 343 2351 κτλ
374 2307 433 2352 neo
463 2275 628 2351 Richardsi
658 2289 771 2360 (Olass
804 2291 882 2351 Rev.
918 2291 1012 2361 1893)
1041 2286 1205 2370 ὀδύρεσθαι
1231 2289 1401 2366 (doras).

232 2405 348 2465 Incidit
378 2404 459 2464 mihi
490 2404 568 2463 olim
600 2403 740 2477 suspicio
772 2400 927 2463 antemi
958 2404 1117 2464 excidisse
1149 2403 1202 2480 δεῖ,
1231 2406 1318 2478 (μιοδ
1341 2420 1401 2466 non

232 2523 301 2580 tam
321 2517 530 2593 improbabile
550 2519 601 2578 est
623 2518 785 2592 reputanti
805 2533 902 2593 saepe
925 2519 1000 2578 ante
1024 2514 1074 2577 καλ
1096 2533 1165 2578 voc.
1191 2514 1239 2593 δι),
1263 2532 1400 2592 quocum

232 2632 415 2694 sexcenties
444 2631 565 2691 librarii
597 2630 644 2689 δεῖ
670 2631 879 2705 confundunt,
904 2632 1074 2692 excidisse.
1099 2630 1214 2693 Oonier
1236 2632 1270 2692 iu
1296 2631 1400 2692 38811

233 2745 282 2804 δεῖ
296 2750 351 2817 (sc.
373 2740 522 2820 όδυρμοθς
540 2742 633 2825 ᾅδειν)
654 2739 687 2801 δέ
706 2764 738 2821 γε
758 2740 821 2820 οόχ,
844 2740 883 2814 ὡς
903 2739 968 2822 ἀρτι
991 2739 1063 2821 ἡμῖν
1087 2739 1102 2802 δ
1126 2742 1213 2822 λόγος
1236 2740 1400 2822 ἐσήμαινεν.

87 2865 150 2925 388
178 2859 209 2926 A
244 2869 248 2874 ’
276 2858 374 2918 Recte
395 2857 505 2917 Herm.
526 2856 660 2916 Homeri
683 2857 782 2916 verba
805 2852 962 2933 (exceptis
985 2852 1048 2916 τοτὲ
1071 2851 1200 2934 δ’όρθὸν
1223 2853 1400 2934 όνιιστόντο)

232 2973 265 3032 in
286 2986 440 3031 versuum
459 2970 599 3030 formam
619 2970 751 3043 redegit.
770 2970 864 3031 -Plato
884 2985 980 3044 saepe
1000 2972 1168 3044 poetarum
1186 2971 1285 3031 verba
1297 2971 1401 3031 mutat

232 3083 539 3144 accommodationis
567 3083 682 3157 gratia,
714 3082 777 3142 vid.
809 3083 895 3143 dicta
919 3083 958 3142 ad
984 3085 1047 3143 363
1060 3083 1095 3143 Β.
1119 3083 1256 3144 Videtur
1278 3085 1402 3159 praeter

233 3191 390 3273 δινεύεσκ’,
409 3198 447 3256 ut
465 3211 549 3256 nuno
570 3196 703 3256 Homeri
723 3196 811 3256 codd.
831 3196 974 3271 tradunt,
995 3196 1175 3269 antiquitus
1194 3197 1300 3258 altera
1310 3196 1402 3258 lectio

232 3311 333 3371 fuisse
356 3303 514 3382 πλωΐζεσιι’
539 3306 640 3368 ἀλύων
664 3306 711 3368 ἐστὶ
730 3303 795 3367 θῖν’
818 3312 878 3384 κτλ,
897 3311 933 3368 ut
954 3310 1057 3368 3641)
1076 3306 1168 3368 λιστολ
1188 3324 1245 3384 pro
1264 3306 1402 3390 οτρετιτοό,

233 3424 336 3484 424Β
367 3415 576 3501 ἐπιφρονέουσ’
603 3437 658 3496 pro
688 3416 877 3498 ἕτακλείονδ,
901 3424 965 3483 379
985 3422 1011 3481 D
1034 3430 1136 3499 κηρῶν
1158 3419 1291 3499 ἔμπλειοι
1314 3417 1331 3482 δ
1353 3417 1401 3499 μὲν

233 3533 359 3612 ἐσθλῶν,
389 3533 482 3612 αὐτὰρ
513 3529 529 3593 δ
560 3534 664 3593 δειλῶν
694 3550 750 3609 pro
782 3533 887 3612 δώρων
917 3526 965 3593 οἷα
993 3519 1106 3612 δίδωσι,
1124 3542 1235 3611 κακῶν,
1256 3530 1353 3615 ἕτερος
1374 3529 1402 3592 δέ

232 3643 257 3708 τ’
290 3647 384 3721 λόον,
414 3648 637 3721 quamobrem.
656 3642 810 3719 κ)ω1ζοντ’
844 3648 1056 3708 sollicitatum
1087 3633 1152 3708 non
1179 3649 1402 3722 oportuerata

234 3763 312 3822 viris
343 3762 393 3822 dd.
422 3761 495 3821 aliis
518 3761 582 3820 alia
606 3761 881 3834 excogitantibus:
906 3761 1058 3821 Liebhold
1081 3757 1201 3838 (Fleok.
1224 3761 1295 3823 Jbb.
1323 3761 1401 3822 1888

233 3876 283 3935 bd.
330 3872 405 3951 137)
447 3873 485 3932 ci.
528 3866 593 3952 κρῲ
632 3868 754 3950 δόξοιτ’,
788 3875 953 3934 Herwerd.
990 3872 1065 3951 (Mn.
1103 3872 1200 3952 1891)
1236 3877 1269 3936 et
1294 3876 1403 3936 Nabar

144 4038 146 4041 .
181 4000 210 4063 B
235 3980 375 4058 aldcoor’.
399 3977 419 4069 Η
443 3987 520 4046 Par⁰
546 3978 587 4045 ΑΙ
617 3983 811 4064 ἀμφοτέροισι
834 3985 905 4065 (sio)
930 3987 1095 4047 exhibenti
1119 3988 1404 4063 obtemperandum

186 4109 211 4177 (l
235 4104 287 4162 est
309 4100 380 4161 coll.
406 4100 509 4160 3641)
533 4097 672 4177 εὐχωλαῖς
697 4096 854 4179 ἀγαναῖσιν
876 4117 932 4175 pro
956 4095 1098 4184 εὐχωλῇσ’
1125 4098 1261 4184 ἀγανῇσι
1286 4093 1404 4186 1111811)

233 4216 343 4276 Baiter
377 4229 404 4274 c.
439 4214 517 4273 Par⁰
542 4214 571 4272 Α
603 4213 693 4274 dedit
724 4211 807 4296 ᾥμοι.
838 4214 937 4275 Recte
968 4215 1059 4274 editt.
1091 4211 1230 4304 (praeter
1260 4215 1345 4277 Bait.
1375 4215 1405 4275 et

235 4324 379 4404 Gampb.)
403 4327 501 4387 verba
524 4321 547 4385 ό
570 4325 662 4386 τόκοι
686 4324 782 4402 φόνοι
805 4342 825 4386 a
849 4327 996 4389 versibus
1017 4329 1218 4404 separarunt,
1238 4328 1304 4390 vid.
1324 4329 1405 4389 diota

179 4443 275 4511 llad
310 4441 412 4501 363ss
444 4436 570 4517 (φησιν).
595 4431 615 4523 Η
640 4440 708 4500 Sec.
742 4439 873 4515 Campb.
898 4441 972 4501 Par.
986 4417 1025 4499 ‘A
1049 4431 1151 4518 σχόλὴι
1175 4441 1281 4502 exhib.
1311 4440 1404 4518 „with

228 4555 321 4629 gloss
352 4549 418 4612 ἀντὶ
447 4558 501 4612 τοό
532 4551 702 4630 οόδαμῶς.”
735 4554 819 4613 Ante
850 4553 1034 4614 Bekkerum
1061 4554 1228 4627 legebatur
1250 4575 1295 4626 τις
1317 4550 1404 4614 αότδν
