3000 5018
786 268 848 327 124

84 449 149 508 440
176 445 204 510 A
273 452 386 513 Galeni
415 453 488 513 lect.
520 447 548 510 δ’
565 442 620 511 οὖν
650 468 706 526 pro
730 447 758 510 δ’
774 443 812 510 αὖ
836 452 924 512 male
947 453 1061 511 Aetius
1084 452 1213 525 recepit.
1239 451 1405 511 Particula

229 557 285 626 οὖν
308 567 396 627 enim
419 566 561 626 declarat
579 583 642 626 non
663 567 757 627 aliter
777 569 905 627 evenire
924 569 1079 642 potuisse.
1101 567 1169 628 Duo
1190 567 1279 626 codd.
1294 565 1404 627 exhib.

228 679 364 756 σημαίνει
387 677 438 738 τὸν
461 678 562 755 θυμὸν
589 697 645 754 pro
670 681 801 754 vulgato
818 697 843 739 σ.
863 679 917 757 τὴν
937 677 1028 759 ὅργίγν
1050 682 1107 751 (sic
1128 681 1270 741 Galenus
1291 679 1404 752 Steph.

230 793 323 853 Scbn.
351 793 462 853 Herm.
488 794 710 863 Stallb.(l858)
742 795 841 854 ceteri
865 795 955 854 editt.
982 797 1160 868 recentes);
1186 793 1267 852 mibi
1290 794 1406 852 autem

229 905 324 965 lectio
354 902 405 963 τὸν
428 903 531 980 θυμὸν
555 907 612 976 (sio
635 906 715 967 Bkk.
740 907 811 976 Ast)
835 907 941 978 magis
965 906 1017 966 hic
1040 907 1154 966 idonea
1178 920 1250 966 esse
1276 905 1408 964 videtur

229 1033 326 1090 quam
358 1017 378 1077 l.
401 1015 456 1094 τὴν
486 1013 578 1095 ὀργήν
608 1019 777 1092 praecipue
806 1034 880 1078 oum
914 1020 946 1079 et
979 1035 1034 1093 per
1057 1020 1162 1079 totum
1188 1019 1272 1078 bunc
1294 1017 1408 1077 locum

230 1146 297 1190 voc.
319 1128 417 1205 θυμὸς
438 1132 581 1190 recurrat
601 1131 698 1202 inque
718 1132 916 1205 praegressis
935 1134 1010 1201 (439
1032 1132 1066 1201 Ε)
1087 1131 1236 1192 Socrates
1255 1132 1410 1204 rogasset

228 1241 352 1318 πότερον
376 1237 391 1301 ὁ
414 1240 543 1317 θυμὸς
565 1242 662 1320 τρίτον
685 1239 722 1300 liv
745 1242 791 1319 εἴη
815 1237 892 1314 εἶδος
916 1247 965 1302 ιιτλ
991 1246 1024 1305 bt
1049 1245 1098 1304 vis
1124 1245 1212 1304 vocis
1230 1240 1330 1318 θυμὸς
1354 1257 1408 1316 ap.

229 1355 397 1415 Platonem
432 1356 532 1415 latius
565 1358 675 1430 pateat
709 1372 807 1429 quarn
841 1357 928 1417 vocis
960 1353 1041 1436 ὀργή.
1072 1357 1172 1417 Recte
1203 1356 1301 1429 igitur
1324 1354 1409 1416 olim

230 1469 309 1529 Bkk.
334 1469 518 1542 'suspicatus
542 1473 592 1529 est
614 1471 903 1543 interpretamento
934 1486 1047 1531 vocem
1074 1485 1265 1543 germanam
1293 1469 1409 1542 expul-

230 1597 301 1641 sam
329 1584 363 1642 et
393 1582 693 1656 interpolationibus
723 1583 808 1642 bunc
835 1583 943 1643 locum
975 1585 1143 1656 turpatum
1167 1582 1278 1657 fuisse,
1304 1597 1409 1656 quam

229 1695 412 1768 opinionem
437 1694 629 1755 confirmant
652 1696 764 1756 Galeni
784 1697 873 1756 codd.
894 1699 968 1756 ante
988 1699 1126 1771 πολεμεῖν
1147 1696 1302 1756 addentes
1323 1699 1411 1774 χαλε-

228 1806 345 1866 παίνειν
376 1807 433 1866 καί.
464 1809 535 1867 Iam
565 1809 641 1868 ante
672 1808 830 1868 Galenum
855 1809 943 1870 codd.
968 1809 1112 1869 Platonis
1136 1809 1284 1883 turpibus
1307 1809 1410 1868 inter·

228 1921 442 1993 pretamentis
464 1920 575 1980 iniecti
594 1924 695 1997 erant,
717 1922 763 1981 sic
784 1937 835 1981 ex,
855 1936 902 1994 gr.
922 1937 1001 1981 mox
1021 1921 1163 1982 Galenus
1186 1919 1327 1993 πολλάκις
1349 1937 1410 1996 pro

230 2036 378 2110 πολλαχοῦ
398 2033 539 2107 praebet.
555 2066 594 2075 -
609 2034 686 2094 Post
700 2049 802 2108 pauca
815 2035 937 2108 corrige
949 2035 996 2093 sis
1008 2030 1047 2105 ὡς
1060 2031 1130 2094 άλλσ
1145 2031 1202 2106 [bv]
1217 2031 1306 2118 άλλῳ,
1318 2036 1409 2096 sicut

230 2147 369 2219 legimus
394 2148 428 2206 in
448 2147 510 2206 441
532 2143 703 2224 Β”)μνγρος
723 2146 883 2224 πεποίηκεν
902 2145 934 2206 τὸ
954 2144 1208 2226 ἀναλογισάμενον
1227 2144 1408 2225 ἐπιπλῆττον

230 2270 269 2342 τῳ
300 2257 457 2339 ἀλογίστως
486 2258 669 2345 θυμουμένῳ
701 2258 748 2332 ὡς
771 2259 902 2341 ἕτερον
933 2259 1055 2346 έτέρῳ.
1088 2264 1169 2323 Puto
1198 2263 1408 2324 scribendum

178 2372 208 2437 B
232 2389 304 2433 esse
340 2374 440 2443 <αλ>
475 2372 643 2451 ἐπιθυμίαι,
671 2377 707 2435 ui
736 2377 850 2436 statim
881 2376 1026 2448 sequitur
1057 2380 1119 2446 ταῖς
1144 2369 1169 2434 d'
1184 2373 1370 2450 ἐπιθυμίαις.
1388 2368 1404 2460 Η

232 2478 303 2546 Pal*i
332 2488 360 2546 A
395 2487 468 2548 leot.
503 2485 666 2572 βιαζομένῳ
702 2485 733 2546 έν
765 2487 844 2571 αὐτῷ
875 2492 942 2562 (pro
974 2486 1064 2571 αὑτῷ)
1095 2489 1176 2547 mihi
1199 2488 1317 2565 placet,
1344 2492 1408 2550 etsi

231 2601 364 2675 vulgata
392 2617 456 2661 non
487 2617 587 2675 prava
618 2603 676 2662 est.
706 2602 914 2662 Hermannus
937 2604 981 2671 (et
1005 2602 1175 2671 Scbmelz.)
1200 2598 1407 2679 ἀντιπράττειν

233 2716 272 2775 ad
306 2713 529 2791 κοινωνήσαντα
549 2716 663 2775 noluit
692 2715 803 2774 referri
833 2715 927 2788 (quod
958 2716 1027 2776 iure
1057 2731 1153 2775 nemo
1185 2716 1334 2788 probavit
1367 2733 1408 2777 ne

232 2825 433 2907 ἀντιπράττειν
456 2844 734 2904 supervacaneum
757 2828 858 2898 fieret)
882 2844 984 2902 neque
1004 2829 1107 2903 aliter,
1128 2829 1248 2904 opinor,
1271 2829 1407 2891 Nitzsch

231 2944 321 3014 (Mus,
353 2943 454 3003 Rhen.
475 2943 544 3003 Vol.
568 2943 625 3017 XI,
650 2960 679 3017 p.
705 2944 780 3012 472)
804 2943 965 3003 coniciens
988 2940 1028 3018 μὴ
1053 2941 1115 3000 δεῖν
1144 2945 1206 3010 <τι
1229 2940 1404 3019 πράττειν>

230 3054 439 3134 ἀντιπράττειν.
462 3056 540 3121 ¹Mihi
565 3055 697 3128 vulgata
721 3071 757 3115 eo
780 3056 911 3116 nomine
935 3054 1083 3128 displicet
1106 3055 1199 3129 quod,
1220 3055 1290 3114 sive
1312 3052 1407 3132 μηδὲν

230 3167 431 3248 ἀντιπράττειν
454 3169 524 3228 sive
543 3165 583 3244 μίγ
604 3167 666 3226 δεῖν
686 3165 712 3225 ά.
732 3168 859 3242 legitur,
880 3169 913 3226 in
934 3168 1145 3242 (proverbiali)
1168 3167 1307 3228 dictione
1320 3167 1408 3247 λόγος

229 3285 310 3363 αίρεῐ
325 3282 566 3344 substantivum
586 3280 671 3360 λόγος
691 3296 755 3341 non
775 3281 857 3341 solet
885 3285 1180 3358 προσωποποιεῑσθαι
1196 3280 1227 3350 (i.
1242 3297 1270 3342 e.
1291 3283 1407 3357 imper·

229 3397 382 3459 sonaliter
405 3396 461 3455 illa
484 3395 580 3455 dictio
604 3395 799 3468 usurpatur),
824 3393 911 3467 quod
934 3395 1046 3453 tamen
1070 3393 1122 3452 bic
1143 3392 1213 3453 fieri
1235 3393 1409 3467 oporteret,

228 3512 257 3570 si
287 3508 489 3587 ἀντιπράττειν
523 3512 577 3578 (so.
610 3505 714 3590 ἑαυτῷ)
748 3508 925 3579 genuinum
957 3509 1054 3567 esset.
1081 3507 1173 3566 Hanc
1192 3506 1236 3567 'ob
1261 3521 1409 3581 causam,

230 3624 361 3685 etiamsi
394 3630 447 3680 τοῦ
463 3661 465 3665 ,
482 3624 557 3681 ante
591 3619 681 3699 λόγον
710 3621 873 3695 inseritur,
907 3617 1109 3698 ἀντιπράττειν
1141 3619 1314 3680 delendum
1347 3621 1409 3678 est.

232 3735 382 3810 Suspicor
414 3749 526 3794 vocem
558 3734 699 3794 additam
732 3749 804 3795 esse
835 3750 854 3793 a
885 3734 1050 3794 nesciente
1081 3735 1121 3793 ad
1146 3731 1186 3809 μὴ
1211 3732 1273 3791 δεῖν
1297 3735 1410 3792 mente

181 3848 206 3916 G
228 3852 383 3909 κοινωνεῖν
407 3848 621 3921 supplendum
644 3863 726 3909 esse.
751 3839 770 3930 ΙΙ
795 3847 970 3920 Vulgatam
991 3850 1099 3919 (quarn
1121 3846 1232 3906 Herm.
1246 3845 1409 3905 Schmelz.

233 3963 415 4031 servarunt)
445 3957 495 4018 ταί
526 3957 630 4018 διὰτὸ
655 3969 760 4038 πεινῆν
784 3958 834 4019 ταί
858 3958 907 4019 διὰ
931 3952 962 4020 τὸ
987 3934 1077 4039 ῥιγῶν
1102 3960 1159 4029 (sic
1183 3959 1409 4031 corrigendum

232 4080 283 4138 est
306 4093 332 4137 c.
358 4075 573 4136 Herwerdeno
597 4073 659 4134 Mn.
684 4075 778 4144 1888)
801 4120 887 4132 .....
901 4071 1059 4149 ὑπομένων
1080 4071 1131 4131 ταί
1150 4083 1218 4154 νικᾷ
1237 4071 1410 4132 ττλίυλιοιυ

232 4191 434 4251 contraxisse
469 4191 554 4250 inter
588 4204 701 4249 omnes
732 4189 869 4248 constat.
902 4188 971 4246 V³¹¹¹
1005 4189 1029 4246 L
1062 4186 1110 4247 διὰ
1140 4195 1208 4247 τοῦ
1231 4207 1260 4244 π.
1285 4183 1336 4244 ταί
1360 4183 1411 4245 διὰ

232 4310 299 4361 τοῦ
342 4302 433 4381 ῥιγῶν
472 4303 646 4378 probarunt
681 4304 768 4363 recte
806 4302 858 4372 (ad
892 4302 990 4374 genit.
1026 4301 1065 4362 cf.
1101 4301 1165 4361 442
1201 4298 1235 4375 O,
1270 4299 1338 4359 494
1373 4298 1409 4368 D)

233 4411 458 4489 Stallblraaa)
483 4416 636 4476 Liebhold
671 4415 787 4486 (Fleok.
812 4415 881 4475 Jbb.
910 4414 1004 4484 1888)
1031 4413 1195 4487 campbell
1219 4415 1294 4482 (non
1317 4411 1410 4487 plura

233 4527 388 4598 molitus).
418 4530 530 4587 Astius
554 4526 658 4587 διὰτὸ
682 4548 712 4586 π.
737 4542 872 4588 servans
896 4527 934 4586 ci.
958 4524 1008 4585 ταί
1031 4522 1173 4601 ὑπομένει
1196 4529 1251 4594 (ε
1262 4525 1408 4598 suscipit)
