3000 5018
620 272 681 331 127

54 458 87 517 si
114 451 138 540 ᾧ
162 474 219 532 per
242 460 469 519 attractionem
494 459 682 534 explicatur,
708 459 806 518 verba
828 458 921 541 τούτῳ
944 457 994 517 καὶ
1017 459 1109 531 οὕτως
1132 463 1228 522 abun·

55 572 148 646 dant,
173 571 225 630 sin
248 573 288 632 ad
312 565 399 654 ᾧ...
423 568 544 650 λέγομεν
568 574 679 631 mente
703 572 891 645 supplemus
910 569 1002 630 αὐτὸν
1022 572 1138 632 δίκαιον
1158 567 1234 632 εἶναι

54 684 294 745 balbutientem
316 685 481 745 Socratem
501 685 657 745 facimus:
678 685 753 744 audi
773 685 860 744 enirn
880 685 1033 747 subtilem
1054 687 1233 747 doctrinam

55 797 92 856 in
113 797 248 870 vulgata
266 798 465 859 reconditam
485 790 525 868 εἷς
545 795 674 872 ἕκαστος,
694 791 716 879 ᾧ
734 799 796 868 (vel
814 791 899 879 ᾧκοά
911 795 960 871 ὡς,
971 800 1009 858 ut
1020 799 1132 860 Stallb.
1149 802 1233 862 1829

55 912 108 981 ci.)
126 910 265 982 πολλάκις
282 909 402 989 λέγομεν
414 910 506 970 αὐτὸν
519 911 636 970 δίκαιον
649 905 734 987 εἶναι,
747 912 840 996 τούτῳ
852 909 902 970 καὶ
914 912 1007 984 οὕτως
1021 912 1134 985 δίκαιος
1147 912 1233 973 ἔσται.

54 1023 130 1084 Mea
153 1025 283 1096 quidem
309 1040 402 1084 mens
426 1025 458 1083 in
482 1027 573 1084 tanta
593 1026 738 1085 doctrina
756 1025 909 1085 hebescit.
930 1026 974 1084 At
993 1026 1120 1087 medela
1139 1027 1232 1087 lenis·

56 1137 144 1198 sima
174 1139 208 1197 et
239 1137 423 1198 certissima
454 1139 492 1197 ad
525 1153 660 1197 manum
692 1141 752 1213 est,
777 1154 853 1197 cum
877 1138 956 1199 illud
977 1136 1027 1196 καὶ
1051 1138 1143 1210 οὕτως
1167 1140 1233 1200 fere

57 1251 180 1311 clamet
193 1252 442 1324 comparationis
467 1252 607 1311 alterurn
619 1252 803 1312 membrum
824 1252 1028 1312 librariorum
1049 1253 1142 1327 culpa
1162 1269 1232 1313 eva·

57 1365 171 1424 nidum
192 1365 316 1425 facturn
337 1381 426 1427 esse:
448 1366 570 1438 corrige
590 1358 613 1446 ᾧ
634 1361 799 1438 <πόλιν>
815 1365 954 1435 πολλάκις
967 1363 1102 1444 ἐλέγομεν
1115 1367 1161 1437 (V.
1175 1368 1232 1443 L.),

58 1477 151 1561 τούτῳ
183 1475 233 1536 καὶ
261 1469 347 1549 οὗτος
370 1476 457 1536 ἔσται.
482 1479 658 1550 Postquam
683 1478 910 1551 compendium
935 1479 1023 1538 vocis
1047 1478 1134 1537 πόλιν
1158 1482 1233 1540 ante

60 1588 199 1661 πολλάκις
215 1584 235 1659 ¹)
259 1591 389 1666 excidit,
414 1583 499 1661 οὗτος
523 1607 543 1650 a
566 1591 696 1650 librario
721 1591 772 1650 vel
796 1591 973 1650 correctore
998 1591 1033 1649 in
1052 1590 1145 1661 οὕτως
1166 1608 1232 1652 mu-

61 1704 178 1764 tatum.
203 1703 286 1763 Illud
309 1695 395 1774 οὗτος
418 1720 481 1764 non
505 1705 646 1778 amplius
670 1704 710 1763 ad
734 1699 785 1760 ἕνα
810 1699 931 1761 ἕκαστον
951 1704 987 1773 (Β
1008 1703 1078 1772 ult.)
1098 1704 1232 1764 referen-

62 1817 148 1892 dum,
180 1817 237 1876 sed
268 1817 308 1876 ad
338 1817 532 1891 praecedens
556 1815 677 1886 (πόλεώς
700 1836 730 1874 τε
753 1813 811 1885 καὶ)
836 1814 963 1874 ἰδιώτου.
988 1817 1124 1876 Prorsus
1146 1817 1233 1877 idem

63 1929 126 1989 iam
149 1930 241 1990 Plato
261 1930 356 2003 paulo
376 1933 452 1991 ante
471 1931 503 1989 in
528 1930 631 1990 4411)
650 1927 700 1988 καὶ
721 1929 836 1988 δίκαιον
856 1928 894 2006 δὴ
916 1934 966 1988 κτλ
986 1931 1122 1990 dixerat.
1141 1931 1232 1991 Prae·

62 2043 149 2102 terea
169 2043 216 2102 sic
236 2043 369 2103 demum
387 2044 536 2117 proxima
557 2042 586 2101 τί
607 2034 663 2102 οὖν
685 2046 735 2101 κτλ
759 2042 926 2103 commode
950 2044 1175 2104 annectuntur.
1191 2078 1231 2086 —

61 2155 104 2216 lla
146 2170 229 2228 quae
272 2157 386 2217 statim
432 2158 620 2231 sequuntur,
664 2157 745 2216 mihi
783 2157 919 2216 obscura
958 2172 1031 2217 esse
1073 2156 1232 2232 videntur,

61 2270 122 2330 nisi
146 2270 288 2342 corrigas
311 2269 351 2347 μή
375 2291 417 2353 πμ
439 2265 512 2347 ἡμῖν
535 2268 743 2348 ἀπήμβλυνται
765 2267 835 2329 ἄλλο
858 2291 885 2328 τι
909 2269 1086 2347 δικαιοσύνη
1109 2271 1231 2342 [δοκεῖν]

61 2376 184 2462 εἶναιῆ
213 2387 263 2443 κτλ
292 2384 313 2444 i.
339 2399 365 2443 e.
401 2399 500 2459 ,num
530 2399 550 2443 a
580 2384 672 2444 nobis
701 2384 827 2443 iustitia
850 2385 966 2444 obtusa
991 2399 1029 2445 ac
1051 2385 1232 2446 deformata

62 2499 110 2557 est
127 2498 176 2558 ita
194 2499 231 2557 ut
251 2497 402 2572 formam,
422 2512 521 2569 quam
541 2497 574 2556 in
594 2497 726 2557 civitate
745 2499 856 2557 nostra
867 2498 1035 2573 induisset,
1050 2499 1231 2559 amiserit.”

61 2611 242 2671 Perfectum
285 2612 416 2683 tempus
450 2611 561 2683 utique
595 2612 817 2671 necessarium
852 2613 912 2670 est.
948 2611 1090 2673 Verbum
1126 2610 1234 2687 δοκεῖν,

62 2724 144 2796 quod
165 2725 199 2783 in
223 2723 440 2796 compluribus
463 2725 551 2784 codd.
568 2725 742 2798 omissum,
764 2725 850 2784 male
871 2724 1021 2799 abundat,
1044 2739 1121 2784 nam
1143 2725 1232 2785 effec-

61 2837 114 2896 tus
143 2843 196 2896 τοῦ
224 2833 441 2915 διπημβλύνθαι
464 2838 515 2897 est
538 2837 692 2897 nimirum
716 2834 748 2895 τὸ
771 2829 878 2894 εἶναι
902 2821 971 2895 ἄλλο
996 2857 1023 2894 τι
1047 2833 1066 2914 ἢ
1088 2841 1148 2914 κτλ,
1170 2853 1234 2898 non

61 2946 91 3008 τδ
114 2947 251 3008 δοκεῖν
275 2941 380 3007 εἶναι
399 2952 456 3007 κτλ.
477 2949 560 3009 Illud
580 2945 803 3026 ἀπαμβλύνεται
826 2949 965 3009 editores
984 2952 1128 3010 multum
1140 2951 1235 3011 torsit

10 3088 25 3113 ι
63 3063 93 3121 et
124 3063 165 3122 ab
193 3061 266 3121 aliis
290 3062 384 3121 aliter
408 3063 615 3136 explicatum.
640 3052 660 3144 ΙΙ
685 3060 812 3134 Gorrige
835 3060 907 3139 περί
928 3083 960 3140 με
984 3066 1067 3136 (post
1089 3060 1116 3121 εἰ
1137 3079 1235 3137 saepe

62 3196 91 3252 με
121 3176 259 3245 additur)
291 3177 348 3236 aut
378 3173 526 3254 <ττερδ>
552 3184 604 3235 τοῦ
629 3173 734 3257 ἐκείνῃ.
760 3209 798 3218 -
825 3176 983 3250 Quoniam
1007 3176 1121 3250 optimi
1145 3176 1233 3237 codd.

63 3297 165 3348 τοῦτον
189 3286 281 3348 αὐτὸν
304 3290 487 3365 praebeant,
513 3290 686 3350 Schneider
709 3291 742 3348 et
762 3288 891 3363 (lampb.
913 3289 1117 3349 coniecerunt
1128 3296 1233 3347 τοῦτον

63 3400 142 3479 αὐτό,
173 3401 270 3477 male,
297 3418 374 3463 nam
398 3404 617 3478 corripendum
640 3405 681 3463 est
703 3396 781 3461 τοῦτ’
809 3398 847 3460 διν
870 3400 962 3461 αὐτὸν
986 3402 1102 3480 δράσαι,
1124 3402 1234 3474 itaque

61 3510 140 3575 τοῦτ’
164 3511 202 3573 διν
223 3531 243 3576 a
262 3516 400 3576 librariis
419 3517 452 3575 in
471 3524 576 3575 τοῦτον
597 3517 698 3576 stulte
719 3516 894 3576 mutatum.
916 3516 1094 3591 Quominns
1115 3514 1234 3592 δράσειν

61 3630 239 3704 emulgetur
262 3645 326 3690 non
350 3644 451 3689 unum
475 3629 548 3689 obst
568 3631 592 3689 t.

10 3716 40 3790 k
104 3745 231 3805 Iterum
262 3743 368 3803 insere
400 3737 448 3818 δν,
474 3757 553 3801 nam
575 3756 768 3815 responsum
791 3749 854 3812 πῶς
876 3739 932 3819 γὰρ
955 3737 1009 3814 tiv3
1033 3743 1174 3802 declarat
1196 3739 1234 3801 δν

57 3856 289 3931 praecessisse,
320 3857 430 3928 itaque
462 3855 583 3928 corrige
614 3851 781 3913 ὁπωστιοῦν
815 3848 936 3927 <δν>
969 3851 1098 3926 ἄπιστος.
1134 3855 1234 3914 Panlo

57 3971 138 4031 ante
172 3969 344 4042 legendum
368 3983 483 4030 censeo
507 3966 635 4048 δημοσίᾳ
658 3965 769 4037 πόλεως
798 3967 818 4026 i.
844 3982 871 4028 e.
895 3968 1028 4041 patriae.
1054 4001 1094 4011 —
1118 3967 1143 4027 Ε
1167 3968 1233 4028 Sto-

10 4056 33 4125 3
57 4083 142 4147 baeo
173 4083 288 4144 Astius
311 4082 432 4157 optime
455 4084 528 4155 post
551 4083 676 4158 μοιχεῖαι
698 4082 814 4153 partam
835 4101 868 4159 γε
891 4080 1022 4155 recepit.
1048 4072 1067 4162 ΙΙ
1091 4081 1182 4140 Idem
1205 4095 1232 4139 c.

56 4209 125 4259 uno
157 4195 275 4257 Stallb⁰
296 4197 383 4256 recte
415 4210 433 4254 e
463 4196 578 4255 deterr.
611 4194 700 4255 codd.
732 4191 811 4274 αὐτῷ
839 4201 898 4251 τοι
921 4189 953 4251 ἐν
976 4190 1233 4273 duresuscepit,

58 4322 141 4370 nam
163 4306 257 4369 αὐτοῦ
280 4309 465 4369 monstrum
485 4309 545 4368 est.
570 4304 659 4388 Αὐτῷ
683 4307 734 4366 est
757 4305 888 4365 dativus
910 4304 1080 4366 commodi.
1106 4305 1177 4364 Etsi
1200 4306 1232 4365 in

98 4554 117 4619 ¹)
137 4556 255 4603 Fortasse
272 4559 381 4608 πολλάκις
398 4568 429 4601 ex
442 4556 510 4600 πόλιν
525 4521 574 4613 (κδ)
586 4553 653 4600 mels
668 4554 752 4600 ortum
767 4554 793 4599 et
806 4551 943 4612 legendum
958 4551 1006 4598 erit
1020 4547 1037 4613 ᾧ
1052 4554 1119 4598 πάλιν
1133 4551 1233 4609 λέγομιν.
