3000 5018
706 291 749 351 45

130 482 234 555 ψυχῆς
266 468 343 538 εἶναι
373 479 568 556 δικαιοσύνην
595 483 653 538 κτλ.
677 480 714 538 ln
738 477 895 551 proximis
920 492 995 537 vero
1020 482 1099 551 (opp.
1124 476 1197 552 XX,
1221 476 1311 546 XXI)

130 592 396 672 διωμολογήσαντο
427 595 477 663 (cf.
511 596 575 655 350
587 595 624 664 D)
655 591 709 669 τὴν
740 592 935 669 δικαιοσύνην
966 587 1073 667 ἀρετὴν
1095 583 1181 665 εἶναι,
1203 588 1256 666 τὴν
1281 586 1314 648 δὲ

129 703 258 766 ἀδικίαν
288 707 396 767 κακίαν
427 709 477 778 (cf.
509 711 543 769 et
575 708 639 768 348
652 711 688 783 c),
716 722 780 780 qua
803 705 1015 767 conventione
1039 719 1124 764 nunc
1146 705 1249 763 utitur
1272 704 1313 764 ad

129 821 426 883 demonstrandum
454 822 561 895 justos
592 817 715 897 άμεινον
744 820 798 896 ζῆν
826 818 876 890 (cf.
903 818 966 878 352
979 818 1016 887 D)
1040 832 1139 890 quam
1163 817 1312 877 iniustos.

129 932 170 994 Si
200 933 301 1006 igitur
329 933 363 993 ln
394 933 502 994 verbis
524 933 569 1002 (ii)
593 929 708 1011 ἀνάγκη
732 928 790 1008 άρα
813 939 890 1013 κακῇ
913 939 996 1014 ψυχῇ
1020 939 1117 1000 κακῶς
1141 927 1240 1008 άργειν
1263 926 1314 988 καί

133 1042 342 1123 ἐπιμελεῖσθαι
358 1030 392 1116 ii.
405 1061 433 1107 e.
454 1047 517 1122 ζῆν)
537 1048 587 1104 ατί
606 1060 663 1119 pro
682 1053 759 1128 κακῇ
778 1043 988 1104 substitueris
1007 1041 1105 1127 άτίκρ,
1117 1044 1313 1104 obtinebitur

129 1160 302 1221 conclusio
328 1154 347 1236 ἡ
371 1153 425 1236 μὲν
448 1155 506 1237 άρα
529 1157 629 1217 δικαία
653 1155 736 1235 ψυχὴ
760 1147 793 1216 εὖ
817 1155 1082 1235 βιάσεται,,κακῶς
1106 1152 1139 1215 δὲ
1162 1153 1177 1215 ὃ
1201 1152 1313 1227 άδικος.

132 1274 324 1349 Lugendum
356 1273 454 1347 igitur
484 1287 600 1333 censeo
630 1272 693 1332 sic:
728 1270 847 1331 Οὐκοῦν
879 1267 986 1349 ἀρετήν
1014 1291 1046 1348 γε
1069 1268 1314 1347 συνεχωρήσαμεν

134 1379 216 1447 εἶναι
238 1385 435 1463 δικαιοσύνην
457 1389 515 1445 κτλ.

181 1499 307 1562 Nebero
328 1498 462 1569 (comm.
484 1499 566 1559 Plet.
588 1500 602 1558 Ι
625 1499 721 1568 1862)
743 1498 914 1571 corrigenti
935 1489 1098 1574 ὧμακάριε
1112 1495 1313 1574 [Θρασύμαχε]

131 1628 202 1674 non
233 1600 404 1688 assentior,
435 1612 512 1685 quia
542 1613 615 1686 post
646 1611 814 1671 vocatives
844 1602 867 1669 ὦ
898 1609 1031 1687 μακάριε,
1060 1599 1315 1684 uouentem&

136 1724 275 1802 δαιμόνιε
308 1726 441 1786 nomina
474 1725 602 1799 propria
636 1724 712 1785 ferri
746 1740 841 1799 posse
871 1724 987 1784 iudico.
1019 1723 1067 1782 Ex
1100 1722 1315 1796 Aristophane

139 1843 249 1913 (quem
276 1839 384 1912 isqui
407 1839 577 1900 Platonem
601 1838 690 1913 legit,
714 1839 899 1898 recordetur
921 1852 1054 1897 necesse
1078 1839 1138 1906 est)
1162 1835 1316 1896 nonnulla

139 1951 290 2026 exempla
313 1966 479 2025 promam:
503 1951 537 2011 in
560 1952 698 2011 Acheru.
720 1941 942 2028 &terrueruut
970 1947 1135 2027 Εὐριπίδῃ
1155 1949 1189 2008 in
1209 1948 1315 2022 Equit.

143 2066 204 2127 147
239 2056 262 2124 ὦ
292 2063 416 2142 μακάριε
443 2060 668 2136 άλλαντοττῶλα;
692 2065 725 2123 in
749 2064 810 2126 AV.
838 2064 921 2125 1638
946 2055 969 2123 ὦ
994 2055 1119 2139 δαιμόνι’
1145 2059 1317 2139 ἀνθρώπων

143 2176 298 2238 Πόσειδον.
330 2179 414 2238 Raro
445 2178 575 2251 quidem
603 2179 762 2239 eiusmodi
786 2179 944 2239 vocativis
967 2177 1099 2238 nomina
1126 2181 1237 2250 (eaque
1262 2193 1318 2251 per

141 2291 387 2365 appositionem,
419 2291 456 2350 ut
485 2291 532 2351 ita
563 2291 679 2367 dicam,
709 2291 891 2365 aliquando)
915 2291 1085 2365 adduntur,
1110 2292 1144 2350 at
1168 2290 1318 2365 exempla
1440 2327 1445 2334 ·

141 2406 253 2465 tamen
284 2405 468 2468 occurrunt,
498 2403 653 2464 Similiter
684 2419 734 2478 ap.
766 2404 1018 2478 Aristophanem
1050 2404 1116 2465 fere
1144 2395 1318 2478 sempero't

142 2507 388 2593 κακόδαιμον,,ὧ
417 2512 530 2595 πονηρὲ
560 2518 654 2577 obvia
685 2520 762 2577 sunt
792 2517 880 2577 nullo
915 2518 1046 2578 nomine
1077 2517 1196 2592 addito,
1227 2518 1262 2576 at
1285 2515 1319 2574 in

142 2631 323 2705 Vesparum
346 2631 416 2691 init.
439 2621 462 2689 ὦ
481 2629 665 2708 κακόδαιμον
685 2628 814 2707 Ξανθία,
832 2632 865 2690 in
885 2621 1139 2708 Ranismrmvrjo’
1156 2626 1317 2706 Εὐριπίδη.
1398 2691 1400 2695 ,

143 2744 251 2806 Etiam
283 2744 441 2804 vocativis
472 2735 496 2802 ὦ
525 2741 642 2820 ιτότνια,
668 2735 692 2802 ὦ
714 2742 832 2804 πότνιαι
853 2759 1087 2818 nonnunquam
1111 2742 1243 2802 nomina
1267 2742 1317 2802 ad·

143 2858 273 2918 duntur.
304 2857 391 2917 Nihil
414 2857 512 2917 refert
537 2857 621 2917 sitne
645 2857 764 2917 ironice
788 2858 911 2926 dietum
935 2872 1053 2931 necne;
1078 2872 1120 2917 an
1143 2858 1240 2930 putas
1262 2855 1319 2916 illa

143 2962 165 3030 ὦ
194 2964 375 3049 τρισμακάρι’
410 2967 573 3047 Εὐριπίδη,
597 2961 620 3028 ὦ
643 2963 794 3048 γλυκύτατ’
824 2968 976 3048 Εάριττίδη
999 2971 1033 3030 in
1056 2969 1319 3030 Acharnensibus

142 3085 225 3145 serio
256 3083 342 3144 dicta
373 3085 469 3143 esse?
500 3083 571 3144 Non
599 3081 720 3142 infitias
743 3083 795 3143 ibo
818 3083 1007 3157 plerumque
1032 3085 1106 3157 μοστ
1129 3073 1153 3141 ὦ
1177 3080 1322 3158 δαιμόνιε,

143 3188 165 3256 ὦ
195 3195 331 3275 μακάριε,
360 3196 434 3272 alia,
466 3196 598 3256 nomina
629 3197 755 3271 proprie
787 3197 901 3257 abesse
932 3200 965 3256 et
992 3186 1320 3271 mortemarense,

145 3300 167 3370 ά
197 3306 334 3390 βέλτιστε,
361 3299 384 3367 ὦ
407 3307 484 3384 φίλε,
506 3299 529 3367 e
553 3305 650 3386 άριστε
673 3324 772 3383 prave
796 3324 815 3368 e
839 3309 977 3370 librariis
1000 3309 1124 3369 inserte
1148 3308 1259 3382 fuisse,
1285 3308 1319 3367 at

144 3439 207 3484 non
239 3422 414 3482 concedam
445 3423 563 3495 ubique
593 3424 667 3496 post
695 3413 718 3480 ὦ
742 3420 876 3498 δαιμόνιε
900 3424 933 3483 et
956 3413 979 3481 ὦ
1003 3420 1127 3498 μακάριε
1143 3415 1162 3491 1)
1187 3421 1319 3481 nomine

144 3537 278 3599 delenda
301 3552 384 3612 esse,
408 3537 494 3596 sicut
517 3535 656 3596 Oobetus
670 3529 691 3606 ²)
716 3537 749 3597 et
771 3535 876 3596 Neber
899 3537 1063 3610 putarunt.
1088 3536 1149 3595 Per
1169 3549 1222 3594 me
1243 3534 1320 3595 licet

144 3650 221 3711 illud
245 3651 290 3720 (in
314 3651 378 3710 344
391 3650 427 3720 D)
453 3640 476 3708 ὧ
500 3648 634 3725 δαιμόνιε
660 3649 835 3728 Θρασύμαχε
858 3665 914 3724 per
937 3650 1172 3724 appositionem
1196 3648 1320 3707 dictum

144 3778 216 3824 esse
247 3763 407 3840 arbitrari,
439 3763 496 3824 sed
528 3778 660 3824 necesse
692 3778 755 3823 non
788 3764 847 3824 est.
876 3763 955 3823 Post
986 3754 1096 3842 ὦγαθέ,
1120 3752 1143 3820 ὦ
1167 3750 1321 3839 άριστε,ὦ

145 3873 272 3956 φέριστε,
291 3867 314 3936 ὦ
330 3873 455 3954 βέλτιστε
468 3876 578 3936 sedulo
591 3878 724 3937 nomina
736 3877 946 3951 exstirpanda
957 3879 1044 3952 sunt,
1056 3877 1130 3950 μοστ
1142 3873 1322 3949 σοφώτατος,

145 3987 293 4066 φίλτατος,
321 3989 386 4050 alis
415 3990 490 4050 ferri
516 3993 662 4064 possunt.
689 3991 767 4050 Post
790 3991 935 4052 convicia
958 3991 1065 4065 qualia
1089 3980 1112 4047 e
1135 3983 1323 4064 εὐηθέστατε,

146 4093 169 4162 t
199 4099 394 4181 ἀμαθίστατε,
423 4104 497 4179 alia,
522 4105 667 4178 praestat
690 4106 823 4164 nomina
846 4105 954 4165 deleri.
980 4103 1025 4164 Of.
1050 4117 1131 4175 quae
1156 4102 1196 4162 ad
1220 4100 1321 4160 339Ε

178 4419 200 4488 1)
219 4423 258 4470 ol.
275 4421 385 4481 Euthyd.
406 4423 483 4471 8030
502 4419 645 4488 ὦμακάριοι
665 4425 716 4485 σφὼ
733 4431 772 4483 τῆς
791 4429 929 4482 θαυμαστῆς
945 4425 1040 4483 φύσεως,

180 4496 202 4564 ²)
225 4501 308 4558 Quem
332 4504 358 4549 et
381 4503 522 4551 §ohannins
546 4500 656 4567 (Festgr.
679 4504 703 4550 d.
726 4503 793 4551 Phil.
811 4503 870 4549 Ges.
889 4516 911 4548 τ.
928 4501 1028 4549 Wiirzb.
1048 4497 1124 4563 1867)
1141 4499 1173 4545 ob
1194 4512 1250 4545 eum
1268 4513 1323 4546 rem

149 4579 323 4641 reprehendit.
