3000 5018
647 281 688 339 29

70 468 272 542 superlativo
297 468 390 527 modo
414 483 489 527 oum
513 467 654 543 nomine,
676 469 771 528 modo
792 470 861 528 sine
882 470 1012 530 nomine
1032 473 1246 544 usurpantur:

70 583 102 641 si
125 597 244 642 nomen
267 581 437 657 omissum,
461 583 534 641 tum
553 578 673 660 ἀνδρῶν
694 584 803 643 mente
824 584 966 658 suppleri
986 586 1121 658 oportet,
1143 585 1190 644 ita
1210 585 1247 643 ut

70 686 97 754 ὦ
128 694 278 770 σοφώτατε
309 668 469 768 οἱέοίῆοοο
504 711 541 770 ,o
569 697 714 755 omnium
738 697 985 771 doctissimel'’;
1010 712 1109 769 quum
1135 700 1246 756 autem

72 808 224 869 Socrates
252 808 283 868 id
307 824 382 869 cum
406 810 472 868 risu
497 809 592 884 dicat,
616 810 712 869 verba
732 801 754 866 ἁ
775 808 925 883 σοφώτατε
944 810 1010 870 lere
1030 811 1115 870 idem
1138 811 1249 871 valent

70 924 172 994 atque
203 912 226 980 ὦ
258 918 380 998 ἀνόητος
412 927 446 982 at
477 938 540 983 non
571 922 655 983 solet
685 923 833 983 Socrates
864 923 949 982 siout
971 922 1243 1000 Thrasymachus,

71 1034 182 1110 Polus,
199 1035 283 1110 alii,
320 1036 523 1096 adversarios
557 1051 634 1095 suos
666 1036 819 1096 conviciis
851 1037 1029 1096 consectari
1060 1052 1164 1109 neque
1196 1038 1248 1097 hic

70 1148 171 1221 igitur
201 1149 233 1208 id
264 1148 380 1209 fecisse
411 1150 573 1223 putandus
605 1152 672 1223 est;
708 1183 746 1191 —
779 1150 829 1208 sin
859 1164 934 1208 vero
958 1165 1075 1209 nomen
1100 1150 1247 1210 additum

70 1263 133 1337 est,
169 1261 386 1336 superlativus
419 1264 549 1323 tanturn
582 1265 678 1336 auget
709 1264 777 1321 vim
808 1262 926 1336 gradus
959 1264 1098 1338 positivi,
1132 1264 1180 1323 ita
1211 1268 1248 1323 ut

50 1365 96 1433 ’ὦ
131 1374 282 1449 σοφώτατε
314 1374 489 1453 Θρασύμαχε
520 1377 710 1436 vertendum
743 1377 786 1435 sit
817 1377 930 1436 Latine
966 1392 1002 1451 ,0
1036 1377 1128 1437 valde
1156 1377 1248 1437 docte

70 1487 200 1564 Thr.l”,
232 1489 315 1561 quod
347 1489 376 1548 si
406 1489 525 1549 ironice
557 1489 606 1559 (oi.
642 1491 704 1549 337
719 1490 757 1558 Α)
790 1490 911 1549 dictum
938 1491 999 1563 est,
1024 1490 1112 1550 valet
1139 1505 1176 1564 ,ο
1200 1493 1247 1564 tu,

71 1600 128 1675 qui
158 1602 268 1662 minus
298 1602 386 1677 sapis
417 1617 516 1675 quam
548 1602 642 1676 volgo
673 1602 813 1661 videris'’
845 1619 904 1663 nec
927 1605 996 1662 tarn
1021 1603 1173 1662 acerbum
1198 1604 1249 1662 est

70 1729 173 1788 quam
196 1715 274 1776 illud
299 1707 322 1775 ὦ
345 1715 505 1791 σοφώτατε.

15 1820 48 1887 Α
117 1828 223 1889 Verba
256 1826 316 1889 ὑπὸ
350 1837 409 1889 τῶν
443 1826 593 1908 ἀρχόντων
627 1831 737 1904 spuria
769 1832 854 1890 sunt.
887 1831 1034 1890 Primum
1066 1845 1147 1904 opus
1179 1832 1249 1890 erat

74 1937 192 2015 <τὰ>
226 1939 286 2001 bal
316 1951 375 2002 τῶν
405 1939 564 2022 ἀρχόντων,
594 1943 707 2002 deinde
738 1943 843 2003 alieno
875 1944 945 2004 loco
967 1945 1090 2004 inserta
1113 1946 1190 2004 sunt
1214 1947 1247 2004 et

70 2054 166 2128 plane
196 2055 323 2128 frigent.
356 2056 430 2117 Mox
460 2056 564 2116 multo
595 2056 716 2116 rectius
739 2071 838 2129 quam
862 2056 972 2116 Stallb.
998 2058 1106 2127 (1850)
1130 2057 1246 2129 reliqui

71 2168 162 2228 editt.
209 2169 488 2246 interpunxerunt,
532 2171 605 2243 post
648 2170 787 2229 alterurn
828 2167 912 2228 ἔθετο
957 2173 1113 2244 punctum
1150 2170 1246 2230 finale

22 2280 48 2347 (1
71 2284 239 2354 ponentes.
264 2273 283 2365 ΙΙ
309 2283 436 2356 Optime
457 2284 621 2357 (probante
641 2282 775 2352 Wohlr.l
797 2284 836 2343 H.
850 2284 1085 2354 Bonitzlzeits.
1099 2285 1118 2344 1.
1131 2288 1244 2346 osterr.

71 2410 183 2469 gymn.
212 2397 307 2466 18651
332 2412 482 2457 mancam
508 2412 580 2457 esse
604 2397 783 2457 orationem
807 2397 840 2455 in
866 2397 972 2457 verbis
991 2405 1076 2457 τοῦτο
1098 2389 1136 2476 ἦν
1157 2394 1245 2460 lim.

71 2505 125 2567 ἕὰν
146 2529 176 2568 τε
199 2507 239 2586 μὴ
263 2511 435 2586 intellexit,
459 2512 493 2571 at
517 2511 677 2571 coniciens
701 2508 733 2568 τὸ
757 2508 874 2568 δίκαιον
900 2512 930 2584 [,]
955 2509 987 2569 τὸ
1010 2520 1062 2571 τοῦ
1082 2511 1247 2590 κρείττονος

71 2620 233 2702 ξυμφέρον,
259 2622 332 2696 <τὸ
356 2621 548 2702 ξυμφέρον)
576 2623 687 2682 δοκοῦν
710 2625 759 2681 κτλ
782 2639 898 2698 parum
921 2627 1058 2686 venuste
1079 2626 1245 2686 Socratem

71 2737 258 2810 loquentem
288 2738 373 2798 fecit.
406 2738 483 2797 Mihi
512 2738 621 2797 omnia
652 2753 732 2797 sana
765 2737 913 2797 videntur
952 2738 1029 2814 fore,
1066 2739 1093 2797 si
1129 2739 1246 2812 legeris

14 2849 43 2913 1)
68 2848 102 2910 τὸ
137 2849 263 2928 δίκαιον,
296 2848 328 2910 τὸ
365 2856 428 2923 [τοῦ
462 2851 636 2930 κρείττονος]
671 2847 823 2929 ξυμφέρον
856 2850 967 2910 δοκοῦν
999 2856 1057 2910 κτλ.
1090 2845 1110 2936 ΙΙ
1142 2855 1247 2916 Verba

70 2963 133 3024 τότε
167 2962 238 3023 ὅταν
272 2960 436 3047 ἁμαρτάνῃ,
469 2961 543 3022 κατὰ
573 2963 683 3040 ταύτην
715 2961 768 3038 τὴν
802 2959 947 3041 ἁμαρτίαν
979 2971 1128 3041 corrupta
1159 2972 1245 3045 sunt,

69 3079 212 3154 primum
248 3079 418 3138 dicendum
453 3081 523 3138 erat
557 3071 616 3135 κατ’
651 3075 745 3152 αὐτὴν
778 3075 832 3153 τὴν
864 3073 1019 3155 ἁμαρτίαν,
1052 3082 1164 3142 deinde
1196 3083 1245 3142 bis

70 3193 157 3253 idern
191 3193 316 3253 dicitur.
354 3192 551 3266 Praepositio
582 3188 655 3248 κατὰ
688 3192 829 3251 insiticia
861 3194 911 3252 est
943 3193 976 3252 et
1006 3192 1097 3254 illata
1122 3195 1183 3255 fuit
1206 3197 1245 3256 ab

69 3307 188 3383 aliquo,
219 3307 274 3379 qui
304 3321 367 3366 non
399 3305 605 3366 intellexerat
636 3305 755 3365 Graece
787 3305 850 3364 dici
878 3320 973 3380 posse
998 3304 1068 3365 ὅταν
1092 3303 1246 3391 ἁμαρτάνχ

68 3418 182 3495 ταύτην
212 3417 266 3497 τὴν
297 3415 449 3497 ἁμαρτίαν.
475 3419 548 3479 Mox
573 3419 698 3479 Bekker
721 3420 809 3478 recte
832 3415 954 3496 λέγομεν
982 3416 1117 3496 <μὲν>
1145 3424 1246 3495 requi·

18 3535 172 3603 licebat.
207 3529 226 3610 ll
262 3534 374 3595 Stallb.
410 3534 518 3605 11858)
554 3536 586 3594 et
621 3533 730 3594 Heller
766 3532 849 3602 (Gur.
886 3533 955 3593 crit.
993 3549 1022 3607 p.
1060 3536 1089 3604 3)
1125 3535 1195 3593 vam
1222 3538 1246 3596 L

69 3645 278 3724 ἐπιλειπούσης
297 3648 472 3722 probarunt
492 3652 565 3718 (ace
585 3647 684 3707 ceteri
705 3647 817 3722 editt),
835 3648 921 3707 recte
933 3647 967 3706 ni
979 3647 1090 3710 fallor:
1105 3650 1246 3710 aoristus

69 3777 216 3838 causam,
248 3777 401 3836 praesens
424 3762 641 3822 conditionem
665 3759 747 3835 (τότε,
770 3758 816 3818 ὅτε
840 3757 988 3832 ἐπιλείπει)
1014 3762 1143 3822 indicat.
1170 3764 1247 3824 Post

68 3890 174 3950 pauca
208 3876 330 3948 corrige
365 3876 411 3934 sis
446 3873 581 3933 τοιοῦτόν
617 3874 738 3949 <τι>,
775 3873 835 3932 vid.
868 3873 954 3933 diota
985 3875 1025 3934 ad
1057 3876 1119 3934 331
1147 3875 1178 3936 O.
1206 3910 1243 3918 —

69 3990 255 4050 Secundum
281 4004 328 4064 ea,
353 4004 434 4061 quae
456 3989 594 4048 Cobetus
615 3989 646 4046 in
669 3987 730 4046 Mn.
754 3987 840 4047 1860
860 4002 890 4060 p.
913 3988 1043 4047 acl—8
1057 3988 1245 4063 disputavit,

67 4102 123 4163 hic
156 4100 253 4177 νυνδὴ
288 4103 461 4176 legendum
491 4105 551 4162 est.
585 4101 671 4177 Quae
702 4101 835 4160 Photius
868 4101 1010 4176 tradidit,
1040 4116 1078 4160 ea
1101 4117 1120 4160 a
1143 4102 1247 4161 doctis

67 4217 305 4293 grammaticis,
338 4218 450 4290 quales
478 4217 631 4290 Boethus,
657 4214 845 4290 Pausanias,
871 4215 925 4273 alii
951 4215 1050 4290 fuere,
1075 4217 1246 4274 mutuatus

67 4332 132 4404 est,
166 4330 222 4402 qui
256 4345 316 4389 sua
351 4330 420 4389 vice
456 4328 748 4388 Alexandrinorum
784 4327 884 4400 copiis
919 4327 970 4385 usi
1005 4329 1105 4387 erant.
1141 4327 1247 4388 Photii

66 4445 170 4520 igitur
200 4458 297 4517 opera
327 4444 535 4516 perantiquae
566 4441 729 4500 doctrinae
762 4440 915 4512 reliquiae
948 4440 988 4498 ad
1014 4454 1073 4499 nos
1097 4455 1246 4512 pervene-

66 4544 157 4635 runt,
189 4558 305 4630 quibus
337 4572 400 4616 non
433 4559 556 4616 temere
588 4555 685 4614 fldem
717 4553 870 4626 abrogare
893 4554 983 4613 licet.
1005 4552 1109 4628 Quum
1135 4556 1245 4613 autem
