3000 5018
717 239 754 297 71

139 417 203 480 oda
224 419 319 493 αἴτιος
341 431 400 481 τῶν
422 431 522 506 κακῶν
541 419 558 482 ὁ
579 422 657 494 θεός.
678 424 728 484 hd
748 426 814 484 380
834 426 877 485 D:
898 425 1033 504 δεύτερος
1054 428 1146 500 τύπος
1166 432 1322 510 θεολογίας

140 529 189 591 ὅτι
218 529 237 592 ὁ
267 531 340 606 θεὸς
370 531 577 613 ἂμετάβλητος.
609 537 658 597 Ad
689 538 752 597 382
784 538 829 598 h:
863 538 955 617 τρίτος
984 540 1076 612 τύπος
1099 543 1256 621 θεολογίας
1280 543 1323 604 ὅτι

141 641 267 722 ἀληθὴς
297 643 314 706 ὁ
341 646 422 719 θεός.
453 640 473 732 ΙΙ
502 650 585 722 Lege
620 646 691 721 [καὶ]
723 646 866 728 λέγοντος.
898 652 999 712 Paulo
1025 657 1098 728 post
1118 656 1189 729 lege
1211 655 1323 736 θάτερα

139 773 203 832 pro
226 735 263 818 ¹rol
285 755 377 840 ἕτερα,
399 763 475 834 quia
497 763 565 823 fere
587 778 716 837 semper
739 778 814 823 cum
837 765 921 824 crasi
940 763 976 823 τὰ
996 763 1078 845 ἕτερα
1097 771 1323 842 pronuntiatur

137 888 221 933 cum
251 873 285 933 in
316 874 439 935 malam
470 877 596 950 partem
628 876 807 936 adhibetur.
832 877 931 938 Bekk.
955 880 990 938 et
1012 879 1124 941 Herm.
1148 896 1212 942 non
1236 884 1322 944 male

138 983 195 1045 τὸν
227 982 260 1046 δὲ
290 989 439 1060 sequenti
467 990 576 1049 versui
599 990 826 1065 adjunxerunt,
849 1005 1049 1064 quamquam
1073 993 1207 1054 Homeri
1231 997 1319 1058 codd.

139 1115 260 1160 omnes
281 1101 437 1175 praebent
458 1100 511 1160 ιιαί
531 1099 545 1160 ἓ
567 1099 644 1178 aaut
668 1102 852 1181 βούβρωστις
878 1108 936 1162 ml.
964 1105 1074 1166 Baiter
1100 1108 1133 1166 et
1156 1106 1321 1183 Oampbell

140 1210 195 1272 τὸν
219 1208 253 1273 δὲ
275 1229 296 1274 a
315 1230 412 1275 versu
430 1217 614 1290 secernunt,
634 1217 669 1276 at
688 1230 785 1290 saepe
798 1217 890 1277 Plato
902 1221 1072 1291 poetarum
1086 1235 1201 1280 versus
1213 1225 1322 1283 mutat

143 1328 454 1389 accommodationis
484 1330 599 1404 gratia,
632 1330 695 1390 vid.
726 1330 813 1390 dicta
844 1331 884 1390 ad
918 1333 982 1392 363
1006 1332 1041 1392 Β.
1067 1323 1086 1415 ΙΙ
1111 1334 1185 1394 Mox
1208 1337 1320 1396 autem

139 1441 204 1501 Ast
238 1442 273 1502 et
308 1441 419 1502 Herm.
451 1438 527 1519 (non
558 1442 672 1516 reliqui
703 1440 807 1520 editt.)
840 1444 938 1504 verba
969 1441 1094 1523 ἀγαθῶν
1116 1468 1146 1505 ιε
1168 1456 1269 1507 κακῶν
1292 1471 1321 1508 ιε

138 1550 283 1631 τέτνιιιαι,
300 1569 384 1628 quae
402 1555 436 1614 in
456 1555 598 1616 Homero
610 1570 674 1616 non
686 1557 899 1631 reperiuntur,
913 1557 953 1617 ab
966 1558 1121 1619 orationis
1133 1562 1321 1622 continuata

138 1667 224 1729 serie
258 1682 323 1728 non
357 1671 558 1742 separarunt.
594 1669 671 1728 Mihi
704 1669 830 1728 videtur
859 1669 962 1745 Plato,
995 1670 1050 1743 qui
1080 1672 1114 1732 in
1145 1671 1165 1748 ξ
1197 1673 1220 1734 0
1251 1673 1320 1745 τοὺς

140 1779 270 1853 πολλοὺς
300 1782 506 1864 vituperabat
532 1783 616 1855 quod
651 1783 748 1843 deum
783 1781 903 1842 πάντων
934 1782 1030 1842 αἴτιον
1061 1799 1133 1845 esse
1156 1787 1318 1863 putarent,

144 1896 255 1956 minus
270 1889 293 1973 ¹)
325 1898 470 1956 mentem
502 1897 571 1956 noti
605 1895 756 1957 versiculi
788 1893 864 1966 Ζεὺς
894 1894 926 1967 ὅς
956 1891 975 1954 ι’
1011 1893 1183 1976 ἀνθρώπων
1213 1899 1320 1977 ταμίης

144 2004 283 2086 πολέμοιο
325 2005 457 2070 ιέινιιιαι
499 2025 574 2070 cum
615 2010 814 2084 praegressis
849 2014 1078 2083 congruentem
1115 2013 1320 2086 interpretari

145 2121 286 2183 voluisse
306 2119 381 2200 (quo
399 2123 523 2184 factum
544 2125 595 2183 est
615 2125 652 2183 ut
670 2123 794 2197 poetice
815 2124 943 2184 locutus
955 2121 1010 2202 sit)
1024 2139 1122 2197 quam
1137 2159 1176 2168 —
1189 2140 1273 2199 quae
1285 2129 1319 2186 et

145 2232 333 2309 dampbellii
353 2237 459 2310 opinio
472 2238 523 2296 est
536 2271 576 2279 -
590 2238 766 2297 memoriae
780 2237 873 2311 lapsu
885 2238 933 2297 sic
944 2238 1114 2313 scripsisse
1127 2254 1317 2314 praegressa

144 2365 218 2411 cum
249 2349 305 2410 illo
340 2350 508 2426 versiculo,
539 2365 637 2423 quem
669 2351 763 2410 modo
793 2350 933 2425 laudavi,
961 2351 1159 2412 confundens
1181 2354 1218 2412 ut
1240 2352 1317 2413 fecit
1346 2423 1349 2428 ,

144 2463 207 2523 389
242 2463 278 2524 Ε.
313 2463 362 2522 Hx
392 2463 455 2524 alio
486 2465 582 2537 poeta
603 2463 772 2524 Platonem
800 2464 955 2524 recitasse
979 2465 1107 2539 putavit
1131 2465 1314 2526 Schneider.

143 2576 331 2638 Tenendum
354 2579 405 2638 est
423 2577 592 2637 Platonem
610 2593 740 2652 semper
759 2579 947 2638 memoriter
967 2593 1081 2638 versus
1102 2579 1220 2639 citasse
1241 2574 1316 2654 (quo

142 2689 265 2751 iactum
296 2692 347 2750 est
377 2692 415 2750 ut
445 2705 675 2763 nonnunquam
706 2687 850 2768 erraret),
877 2706 1045 2764 nunquam
1068 2693 1178 2751 autem
1202 2693 1316 2765 poetae

141 2805 251 2876 partes
274 2807 425 2877 agentem
448 2806 572 2864 temere
596 2804 730 2864 Homeri
755 2820 869 2864 versus
892 2807 1122 2865 commutasse.
1150 2839 1189 2847 —
1215 2804 1316 2864 Multo

142 2916 300 2978 maiorem
336 2917 590 2977 controversiam
624 2916 855 2989 subsequentia
889 2912 961 2975 eddi
993 2921 1075 2976 θεῶν
1110 2913 1171 2995 ἔριν
1205 2936 1235 2974 ιε
1267 2913 1317 2975 nol

141 3030 238 3110 ιιρίοιν
268 3034 317 3089 ml
348 3032 530 3106 moverunt,
562 3030 637 3102 quia
667 3044 783 3104 parurn
814 3030 991 3090 verisimile
1011 3032 1062 3090 est
1085 3030 1253 3091 Platonem
1277 3030 1317 3090 de

141 3147 275 3207 deorum
306 3159 423 3220 pugna,
454 3160 536 3217 quae
566 3145 599 3203 in
626 3144 706 3204 ΚΧο
731 3144 811 3204 libro
835 3143 946 3204 Iliadis
970 3144 1131 3218 descripta
1155 3145 1208 3220 sit,
1233 3145 1313 3217 cogi-

140 3260 230 3319 tasse
266 3262 353 3318 cum'
374 3258 455 3318 haec
489 3257 653 3318 scriberet.
688 3258 835 3317 Primum
864 3258 1026 3316 Homerus
1057 3257 1091 3316 in
1121 3257 1222 3316 Iliade
1253 3270 1316 3315 non

140 3373 252 3433 narrat
281 3387 338 3446 per
368 3371 524 3431 Themide
556 3373 589 3430 et
619 3371 730 3431 Iovem
763 3367 824 3448 ἔριν
848 3367 979 3447 (rixam)
1003 3370 1088 3429 inter
1110 3370 1187 3429 deos
1210 3371 1315 3428 ortam

141 3501 224 3562 esse,
255 3486 312 3545 sed
344 3500 400 3545 eos
432 3486 539 3544 vetere
570 3484 641 3544 odio
672 3483 883 3543 exacerbatos
904 3480 975 3560 (βὰν
999 3476 1132 3559 δ’ἴμεναι
1154 3481 1318 3559 πόλεμόνδε

140 3598 218 3676 caol,
240 3597 307 3676 δίχα
330 3595 432 3673 θνμὸν
456 3594 580 3674 ἔχοντες)
606 3597 645 3656 ad
666 3595 837 3656 consilium
859 3596 998 3656 venisse.
1020 3595 1140 3656 Deinde
1160 3595 1253 3673 κρίσις
1266 3611 1316 3670 ap.

142 3712 310 3773 Platonem
335 3726 398 3770 non
423 3712 461 3771 de
485 3711 558 3770 belh)
577 3709 726 3784 usurpari
746 3709 839 3784 solet,
858 3709 920 3769 vid.
943 3724 994 3769 ex.
1016 3723 1063 3781 gr.
1077 3708 1202 3769 Menex.
1217 3707 1317 3769 2370

143 3827 286 3904 μαρτυρεῖ
317 3820 349 3884 δὲ
378 3819 464 3901 ἡμῶν
493 3833 532 3906 τῷ
563 3822 639 3906 λόγῳ
672 3817 689 3897 ἡ
720 3831 778 3881 τῶν
813 3819 1102 3899 ἀμφισβητησάντων
1133 3818 1199 3899 περὶ
1221 3818 1317 3897 αὐτὴν

143 3935 313 4016 (Atticam)
337 3942 418 3997 θεῶν
441 3934 500 4015 ἔρις
523 3958 553 3995 ιε
572 3932 622 3994 ιιαὶ
641 3934 735 4014 κρίσις
756 3932 947 4012 (iudicium).
968 3936 1051 3995 Turn
1072 3950 1121 4009 ap.
1137 3936 1317 3994 Homerum

144 4052 278 4113 deorum
300 4067 407 4127 pugna
429 4066 493 4111 non
517 4049 691 4111 Themidos
714 4064 810 4123 opera
830 4051 862 4109 et
882 4048 1014 4109 consilio
1034 4047 1188 4113 efficitur:
1209 4047 1318 4106 nuncii

145 4167 274 4226 tantum
304 4180 438 4224 munere
462 4166 521 4225 dea
545 4164 698 4237 iungitur.
724 4162 985 4223 Consentaneum
1009 4140 1107 4233 igitur
1131 4161 1181 4218 est
1203 4161 1318 4233 putare

146 4277 313 4340 Platonem
335 4277 387 4338 hic
410 4292 473 4337 non
499 4274 553 4352 τὴν
579 4275 745 4354 Θεομαχίαν
768 4276 961 4350 respexisse,
982 4273 1039 4334 sed
1056 4274 1189 4333 dearum
1210 4272 1317 4333 rixam

176 4518 198 4586 ι)
214 4521 322 4581 Πάλᾳιος
339 4521 406 4568 enim
424 4521 490 4568 inter
507 4519 692 4567 mulctantam
709 4517 799 4565 referri
816 4520 909 4577 potest.
