3000 5018
797 277 837 335 22

232 482 323 538 νηρνν
344 462 377 520 et
396 461 428 519 in
449 462 526 534 Rep.
548 459 612 519 378
626 462 653 518 A
673 457 721 516 καὶ
746 463 925 537 ΤΑΠΑθη).
948 463 1030 521 -In
1051 462 1138 530 §ult
1156 462 1321 539 Bremius,
1336 463 1408 537 Ast,

232 574 395 633 Herwerd.
421 573 493 643 (Mu
519 573 613 643 1891)
638 574 859 647 corrigendum
885 589 956 634 esse
981 571 1031 632 τὸν
1055 573 1202 633 δοκοῦντά
1221 595 1262 651 τε,
1283 565 1349 652 ἧδ’
1370 574 1411 653 ὃς,

230 684 281 746 καὶ
306 684 378 759 [τὸν]
405 684 476 747 ὄντα
499 687 620 761 optime
651 686 890 762 intellexerunt,
921 702 996 747 cum
1019 689 1058 748 de
1081 702 1144 747 uno
1167 688 1266 762 atque
1291 690 1410 750 eodem

230 802 361 862 homine
385 815 492 861 sermo
515 800 568 860 sit.

88 917 151 976 335
179 912 208 979 A
278 914 421 988 Faesius,
447 915 507 972 Ast
530 914 637 989 (duh),
662 913 798 988 Madvig,
823 914 905 973 Bait.
932 915 1079 974 voculam
1103 910 1411 1001 inusitatorum

230 1029 387 1103 delerunt,
420 1028 523 1088 male:
556 1028 584 1087 si
615 1023 635 1105 ἢ
665 1028 758 1087 abest
789 1023 829 1098 ὡς
860 1027 936 1087 ferri
959 1043 1023 1088 non
1045 1030 1162 1105 potest,
1186 1029 1244 1089 sed
1267 1025 1312 1101 ὡς
1336 1027 1412 1090 ini

230 1144 299 1203 sive
331 1143 364 1201 in
397 1135 647 1223 dmutandum,
679 1141 754 1213 quia
785 1137 824 1212 ὡς
855 1156 984 1215 semper
1015 1143 1229 1216 comparando
1255 1143 1410 1205 inservit.

230 1257 317 1316 Num
342 1255 448 1314 Paesii
472 1254 635 1314 sententia
658 1254 778 1314 Graece
801 1255 848 1314 sio
871 1254 976 1314 efferri
1004 1255 1127 1329 potest:
1159 1255 1349 1334 προστίθημι
1373 1267 1412 1340 τῷ

232 1368 336 1452 δικαίῳ
372 1365 411 1438 ὡς
446 1365 478 1425 τὸ
508 1375 625 1445 πρῶτον
656 1364 755 1446 ἔλεγον
778 1361 823 1437 ¹)?
854 1369 960 1427 Immo
990 1369 1062 1427 tum
1097 1368 1307 1428 scribendum
1340 1373 1412 1431 erat

148 1455 151 1460 -
232 1481 414 1560 προστίθημι
448 1490 486 1564 τῷ
521 1480 546 1538 ὃ.
577 1475 593 1538 ὃ
624 1503 647 1538 τ.
674 1500 703 1538 π.
728 1477 750 1541 ἕ.
775 1482 832 1540 aut
862 1479 997 1558 προστίθ.
1021 1501 1043 1538 τ.
1068 1480 1094 1539 δ.
1116 1477 1136 1559 ἢ
1160 1478 1199 1552 ὡς
1222 1484 1283 1540 κτλ.
1309 1482 1412 1544 Recte

233 1597 331 1669 igitur
363 1595 473 1656 Stallh.
506 1594 652 1655 Schneid.
677 1594 788 1654 Herm.
813 1593 934 1654 Wohlr.
961 1594 1090 1670 campo.
1114 1591 1134 1673 ἢ
1158 1591 1197 1666 ὡς
1220 1598 1411 1676 servarunt.

234 1710 431 1783 Supersedeo
465 1707 679 1768 Richardsum
715 1703 882 1782 <ντ1εόν>
909 1703 929 1785 ἢ
956 1704 995 1778 ὡς
1026 1708 1221 1768 seribeutem
1252 1710 1411 1771 refutare.

234 1824 384 1882 Fortasse
408 1821 459 1880 hie
486 1821 776 1896 <τι>πρασθεῖναι
799 1823 832 1880 et
854 1822 918 1880 339
943 1822 968 1881 Β
992 1822 1099 1895 <τι>
1115 1820 1284 1901 προστίθης
1303 1823 1412 1898 legen·

179 1936 321 2001 Ddum.
347 1925 366 2017 ΙΙ
395 1935 596 2009 Quamquam
633 1909 828 2007 Porphyrius
863 1935 943 2013 (,De
978 1936 1217 2005 Abstinentia'’l
1246 1937 1356 1998 verba
1378 1935 1413 1998 od

197 2042 200 2047 ’
232 2047 287 2128 γὰρ
311 2046 491 2125 θερμότητος
515 2051 572 2105 ντί.
597 2047 732 2107 laudans
758 2062 825 2107 voe.
850 2045 935 2126 ἔργον
959 2049 1079 2123 omisit,
1100 2049 1210 2109 dubito
1230 2063 1275 2110 an
1289 2066 1414 2113 revera

233 2162 379 2236 spurium
402 2162 456 2236 sit,
480 2176 581 2234 quum
606 2160 735 2234 saepius
759 2176 808 2235 ap.
834 2161 1002 2221 Platonem
1026 2166 1173 2222 occurrat
1196 2163 1247 2232 (cf.
1275 2165 1344 2226 351
1368 2165 1413 2237 D).

234 2277 420 2338 Tenendum
452 2277 619 2349 praeterea
649 2277 700 2335 est
730 2276 942 2350 Porphyrium
971 2293 1010 2337 ea
1033 2278 1130 2338 verba
1153 2279 1354 2340 memoriter
1377 2280 1415 2341 ei·

234 2395 333 2451 tasse.
358 2391 395 2449 Iu
420 2388 526 2449 codice
550 2388 774 2449 Malatestiano
794 2389 934 2449 alterum
954 2387 1050 2469 ἔργον,
1071 2392 1154 2463 quod
1172 2393 1248 2466 post
1268 2392 1416 2470 βλάπτειν

233 2505 361 2578 legitur,
397 2503 498 2577 abest,
535 2503 567 2561 ln
600 2502 715 2561 multis
750 2503 838 2563 codd.
876 2504 950 2563 ante
985 2502 1124 2581 βλάπτειν
1154 2504 1321 2579 seriptum
1355 2512 1415 2584 est,

232 2619 343 2691 itaque
373 2616 511 2676 adducor
543 2617 579 2674 ut
608 2616 748 2675 alterurn
781 2604 1110 2694 hocthyovdeleam.
1136 2618 1308 2679 -Paulo
1343 2623 1416 2695 poet

234 2729 279 2808 (in
311 2729 384 2798 flue)
409 2729 506 2788 verba
529 2736 581 2787 τοῦ
605 2725 710 2787 ἀδίκου
736 2729 871 2789 delenda
893 2731 986 2790 sunt:
1020 2746 1124 2802 neque
1150 2731 1182 2790 in
1206 2734 1416 2806 praegressis

235 2841 267 2902 τὸ
291 2839 425 2901 ἐναντίον
444 2841 638 2901 nominatim
658 2841 836 2901 indicatum
857 2843 908 2902 est
927 2857 1030 2915 neque
1049 2843 1101 2903 hie
1121 2843 1290 2919 emphasis
1303 2860 1415 2909 neces·

185 2956 332 3032 Esaria,
365 2971 464 3029 quum
497 2956 575 3015 iusti
605 2955 756 3030 indolem,
781 2971 844 3015 non
867 2956 979 3015 iniusti
1002 2956 1164 3030 indagent.
1190 2948 1209 3040 ΙΙ
1234 2957 1286 3019 Ad
1316 2962 1433 3022 verba·

235 3077 293 3127 τῶν
325 3077 428 3143 σοφῶν
458 3089 487 3127 τε
517 3065 566 3126 καὶ
597 3067 750 3145 μακαρίων
792 3070 958 3129 recordare
988 3085 1070 3142 quae
1101 3071 1141 3130 ad
1166 3070 1227 3131 331
1254 3071 1280 3131 Ε
1308 3071 1416 3149 (σοφὸς

234 3180 289 3263 γὰρ
321 3180 371 3241 καί
402 3185 485 3252 θεῖος
509 3177 596 3258 ἁνήρ)
627 3182 857 3241 annotavimus
881 3184 914 3241 et
936 3183 1038 3256 ipsius
1063 3183 1204 3243 Socratis
1225 3185 1415 3248 testimonii

234 3299 267 3358 in
299 3297 389 3372 Apol.
422 3297 463 3356 22
488 3296 513 3355 Β
534 3295 565 3356 O.
598 3295 758 3369 ambigue
789 3296 881 3356 Plato
912 3296 985 3356 illos
1020 3296 1184 3372 sapientes
1217 3297 1349 3362 laudat.
1376 3334 1414 3344 —

235 3414 295 3473 Pro
318 3404 398 3490 ἔγωγ’
425 3399 480 3468 οὖν
504 3411 566 3468 Ast
589 3410 621 3468 et
645 3409 743 3469 Beklr.
768 3415 855 3469 reete
879 3407 935 3488 ἐγὼ
958 3417 1033 3488 γοῦν
1057 3406 1265 3486 scripserunt.

90 3535 153 3592 336
181 3529 211 3596 Α
278 3523 384 3584 Verba
417 3521 449 3581 τὸ
483 3522 577 3597 φάναι
609 3521 776 3582 δίκαιον...
790 3521 929 3599 βλάπτειν
965 3538 1027 3582 non
1059 3525 1137 3583 sunt
1164 3524 1328 3605 Platonis,
1359 3530 1415 3591 Sed

235 3638 438 3698 scholiastae.
464 3634 543 3694 (lum
568 3636 655 3695 enim
680 3626 711 3695 ’τὸ
735 3634 813 3713 ῥῆμα
838 3635 997 3708 significet
1020 3636 1118 3712 ,illud
1138 3637 1300 3716 dietum”,
1324 3644 1416 3717 sequi

234 3769 297 3813 non
327 3752 435 3825 potest
465 3747 496 3808 τὸ
529 3748 633 3825 φάναι,
665 3751 751 3810 sieut
781 3751 809 3809 si
823 3776 825 3781 v
840 3766 915 3811 eum
947 3751 1139 3811 Schneidero
1170 3749 1202 3809 τὸ
1234 3751 1339 3827 φάναι
1360 3729 1434 3831 pro

234 3866 377 3926 subiecto
414 3864 633 3939 habuerimus,
669 3866 851 3926 necessario
887 3866 984 3926 verba
1016 3863 1047 3925 τὸ
1078 3864 1158 3943 ῥῆμα
1188 3867 1417 3931 abundabunt.

232 3981 435 4042 Sententiam
458 3983 518 4050 τοῖς
542 3974 595 4055 μὲν
620 3977 736 4056 ἐχθροῖς
760 3979 875 4057 βλάβην
901 3976 1072 4055 ὀφείλεσθαι
1095 3985 1145 4039 κτλ
1167 3981 1245 4049 (335
1257 3981 1299 4053 Ε)
1322 3985 1419 4046 modo

233 4111 289 4169 per
323 4091 396 4151 αὐτὸ
430 4093 667 4167 designaverat,
702 4107 787 4152 nune
821 4090 853 4151 τὸ
888 4094 919 4163 (i.
944 4109 971 4154 e.
1003 4101 1089 4153 τοῦτο
1116 4092 1159 4164 τὸ)
1190 4091 1273 4173 ῥῆμα
1311 4100 1419 4160 vocat.

232 4210 337 4269 Locus
368 4223 385 4266 e
416 4207 511 4279 Legg.
544 4206 608 4265 838
633 4206 669 4279 B,
701 4221 798 4278 quem
830 4206 975 4282 Schneid.
1008 4207 1040 4266 iu
1076 4207 1349 4282 ,Additamentls
1382 4213 1421 4273 ad

232 4322 403 4383 Civitatem
429 4320 574 4379 Platonis
598 4321 702 4380 1854'’
724 4320 848 4395 citavit,
873 4330 920 4380 6ιθ
935 4336 1027 4381 meae
1048 4321 1183 4380 minime
1202 4321 1420 4402 adversatur,

261 4562 282 4630 ¹)
297 4567 336 4614 Ea
357 4566 435 4614 verba
453 4566 609 4627 significant:
629 4569 775 4630 προστίθημι
793 4567 863 4618 οὕτως
881 4568 910 4617 ὡς
926 4569 972 4610 κτλ.
