3000 5018
836 292 877 351 66

267 479 373 539 masia
399 478 494 554 inest,
518 478 602 551 quod
624 477 741 536 iniuria
763 478 796 536 ni
820 477 913 537 fallor
937 477 1070 551 Montlin
1093 476 1236 552 (Quaest.
1261 477 1296 536 et
1318 474 1448 550 Explic.

268 592 349 652 Plat.
373 591 468 659 1864)
488 590 620 663 negavit
639 590 814 650 arbitratus
830 590 912 650 hano
924 588 1062 663 liguram
1075 591 1206 649 tantum
1219 589 1448 664 sophistarum

149 760 156 770 .
266 704 469 765 ridendorum
494 717 593 763 causa
615 717 635 762 a
658 702 791 762 Platone
812 702 999 763 adhibitam.
1021 703 1067 763 De
1087 702 1162 763 lusu
1182 702 1358 764 verborum
1380 703 1448 763 vid.

265 818 306 878 ad
330 816 443 877 3631).
469 850 509 859 —
531 817 599 878 Sec.
621 816 777 877 (lobetum
797 816 868 876 Par.
889 807 931 875 A1
952 816 1017 887 (fol.
1039 817 1093 886 21)
1113 816 1245 891 praebet
1265 815 1449 893 διοναθεῖν,

265 930 348 1003 quod
379 902 541 991 Herwerd.
574 944 700 1003 quoque
730 931 817 990 recte
847 929 990 1002 requirit.
1022 929 1096 989 Mox
1120 923 1207 991 recte
1230 929 1343 991 Baiter
1367 929 1450 1012 ζῷον

264 1059 320 1116 pro
351 1044 426 1115 ζῶον
458 1043 566 1119 edidit,
597 1044 683 1103 sicut
713 1044 783 1116 ipse
813 1043 884 1103 Par.
916 1043 945 1101 A
976 1043 1028 1103 hic
1051 1043 1117 1103 illic
1140 1046 1181 1118 (p.
1206 1043 1309 1105 401ss
1335 1041 1449 1114 ζώνων)

265 1157 404 1217 exhibet.
436 1157 507 1217 Vid.
532 1157 639 1230 stym.
663 1156 745 1230 Mag.
770 1157 844 1216 413.
873 1158 923 1231 17,
948 1156 1123 1217 Simonidis
1145 1157 1261 1230 fragm.
1286 1147 1356 1216 οἱον
1377 1151 1447 1217 τόδ’

263 1266 335 1346 ἡμῖν
370 1266 491 1348 ἕριιειον
526 1266 692 1348 παρέπιαιο
731 1262 736 1348 Ι
775 1269 862 1342 ζώιον
898 1268 1046 1330 κάκιστον.
1082 1270 1164 1331 Glar.
1195 1270 1224 1331 J.
1256 1270 1303 1331 La
1334 1271 1449 1332 Roche

264 1383 372 1453 (Zeita.
404 1383 426 1444 1.
458 1384 571 1442 osterr.
604 1382 720 1455 Gymn.
748 1383 832 1443 1865
856 1400 886 1459 p.
912 1384 953 1442 89
978 1386 1038 1455 sq.)
1062 1381 1216 1442 nonnulla
1238 1381 1381 1447 iucundo
1407 1383 1455 1444 de‘

264 1497 335 1556 Iota
365 1495 545 1570 subscripto
569 1497 737 1570 disputans
760 1496 898 1556 contulit
920 1496 1162 1569 Theognostum
1186 1494 1262 1558 Gan.
1289 1495 1365 1557 130.
1390 1497 1444 1572 15,

263 1608 370 1682 Etym.
394 1608 434 1669 M.
456 1610 531 1669 413.
555 1611 606 1685 14,
626 1610 765 1669 Aratum
785 1611 849 1669 544
869 1608 987 1680 ζωΐδιον
1007 1605 1040 1668 δέ
1059 1605 1073 1667 ἓ
1093 1607 1203 1667 κύκλον
1224 1611 1284 1683 κτλ,
1302 1609 1445 1682 denique

167 1792 170 1797 ,
263 1722 499 1796 inscriptiones,
531 1722 583 1781 ubi
611 1721 690 1781 iilud
714 1722 781 1782 iota
804 1723 925 1793 (ZOIA.
950 1721 1065 1792 ZtllA)
1093 1723 1196 1784 adest.
1221 1722 1315 1782 Multi
1340 1723 1442 1784 etiam

264 1833 418 1919 ζῳγράφος
452 1835 597 1894 scribunt
631 1826 751 1908 Etym¹.
783 1825 834 1895 Mi.
868 1833 956 1913 (413,
993 1837 1011 1894 2
1046 1832 1078 1894 τὸ
1114 1834 1286 1914 ζωογράφος
1321 1843 1441 1914 πρῶτον

263 1945 424 2026 ἀποβάλλει
446 1946 477 2006 τὸ
501 1962 523 2024 ῑ,
543 1969 594 2006 ιιοιι
616 1946 694 2007 οὕτω
716 1950 799 2007 ποιεῖ
816 1944 870 2024 τὴν
894 1956 999 2026 κρᾶσιν
1022 1955 1074 2008 τοῦ
1099 1961 1122 2007 ῶ
1141 1944 1228 2006 καὶ
1212 1969 1227 2007 ο
1247 1946 1289 2020 εἰς
1311 1961 1336 2009 to
1354 1945 1440 2028 χωρὶς

262 2070 356 2120 roua
346 2057 367 2138 ι)
402 2062 499 2121 verba
528 2076 592 2121 non
626 2061 721 2121 nauci
752 2061 872 2120 facient
858 2063 919 2122 tes.
952 2061 1161 2123 Scribendum
1193 2062 1245 2122 est
1274 2059 1439 2141 ζωγράφος,

262 2190 338 2235 nam
363 2190 403 2234 ex
428 2172 544 2257 §gooflt
567 2174 615 2249 ζω,
637 2174 722 2232 sicut
745 2182 783 2256 σῷ
804 2171 920 2256 {odiit
939 2169 1034 2256 τώμῷ,
1051 2171 1103 2232 καὶ
1122 2170 1231 2252 ἕγὼ’
1196 2172 1288 2253 ιιοιγώ,
1308 2173 1341 2233 οἱ
1352 2171 1438 2262 ἄλλοι

264 2279 359 2362 ὧλλοι,
382 2290 442 2348 etc.
467 2287 504 2346 ln
527 2287 602 2347 voli.
628 2287 799 2347 Herculan.
825 2288 907 2358 ζωων
931 2289 1000 2348 siue
1024 2311 1035 2345 ι
1059 2288 1225 2362 reperitur.
1249 2288 1317 2363 ligo
1341 2289 1437 2364 probo

216 2409 241 2471 11
265 2401 324 2459 has
347 2400 524 2474 scripturas
548 2415 598 2473 ap.
623 2400 808 2460 Platonem:
835 2401 920 2481 ζῷον,
942 2399 1058 2482 ζῴδιον,
1081 2399 1243 2480 ζωγράφος.
1265 2392 1285 2485 ΙΙ
1305 2400 1387 2465 Ven.
1409 2405 1440 2461 ll

214 2744 239 2813 0

266 2512 397 2574 exhibet
426 2510 543 2591 ἄφοβός
573 2534 602 2571 σε
628 2510 678 2571 καὶ
702 2510 841 2590 ἀήττητος
864 2514 986 2574 omisso
1010 2511 1068 2573 ἐσσι
1091 2511 1315 2591 (probantibus
1339 2516 1437 2577 Bekk.

265 2628 298 2686 et
328 2627 441 2697 Aetio).
474 2626 549 2687 Mox
579 2628 666 2687 recte
697 2626 819 2698 aliquot
843 2627 930 2687 codd.
956 2643 982 2687 c.
1008 2627 1144 2688 Stobaeo
1168 2598 1305 2703 titillor
1333 2623 1436 2701 <ι’>

263 2736 378 2797 ἔσονται
409 2740 571 2800 exhibent.
597 2730 616 2822 ΙΙ
642 2739 722 2799 (lum
755 2740 867 2814 paucis
899 2741 986 2800 codd.
1019 2740 1089 2814 lege
1120 2738 1181 2817 ἅμα
1211 2737 1309 2818 πρᾶόν
1335 2763 1365 2800 σε
1391 2739 1439 2802 nal

264 2853 297 2909 et
317 2866 394 2910 mox
414 2853 704 2924 argumentationis
725 2853 975 2913 corroborandae
996 2868 1095 2913 causa
1110 2854 1308 2928 probandam
1322 2871 1440 2917 censeo

266 2960 304 3039 (c.
329 2962 433 3039 Aetio)
458 2965 586 3024 Stobaei
609 2965 781 3024 lectionem
806 2961 879 3023 atra
901 2961 1000 3042 μέντοι
1020 2966 1133 3025 νούσων
1156 2961 1261 3045 <γ’>
1284 2963 1440 3048 οιιοσέροο.

265 3077 325 3137 Ρ10
347 3085 438 3136 ταῦτα
462 3073 494 3136 δὲ
507 3075 665 3148 άδυνάιοις
679 3074 754 3136 ἔοικε
769 3077 932 3138 Heusdius
946 3080 1017 3156 (ini.
1033 3080 1125 3150 Phil.)
1145 3080 1336 3154 requirebat
1347 3089 1442 3141 ταῦτα

265 3185 298 3249 δὲ
325 3187 511 3269 <ο1μφόσερο
535 3189 645 3268 tiele>
673 3187 699 3249 ἀ.
723 3188 754 3266 ἐ,
777 3207 839 3263 quo
863 3206 926 3251 non
949 3207 1029 3266 opus
1053 3196 1113 3270 est,
1138 3194 1214 3267 quia
1235 3201 1330 3253 τοῦτο
1354 3194 1443 3256 idem

265 3306 316 3364 est
346 3318 384 3364 ac
414 3311 500 3363 ιοοσο
531 3302 615 3380 (1ο.
648 3302 723 3381 αὕτη
753 3298 772 3379 ἡ
804 3303 952 3383 σύμμιξις)
983 3307 1021 3365 ut
1044 3307 1244 3380 sexcenties;
1269 3307 1311 3368 cf.
1337 3308 1443 3369 8808

213 3422 243 3486 l)
268 3418 325 3477 uit.
351 3408 371 3499 ΙΙ
394 3419 479 3491 Lege
502 3414 609 3492 μεντᾶν
633 3433 690 3492 pro
713 3410 792 3494 μέντ’
820 3412 858 3474 dlv
881 3419 914 3477 et
937 3419 984 3480 sic
1007 3421 1134 3496 ubique,
1159 3420 1236 3493 quia
1253 3421 1307 3481 hic
1326 3423 1442 3499 cresis,

266 3545 330 3589 non
361 3530 451 3590 elisio
482 3531 660 3590 adhibetur.
694 3530 794 3589 Paulo
821 3531 896 3590 ante
920 3531 1000 3591 Bklr.
1024 3533 1096 3592 Ast.
1121 3532 1251 3608 damph.
1275 3549 1304 3597 c.
1328 3537 1444 3609 paucis

267 3642 382 3702 deterr.
404 3643 492 3702 codd.
514 3645 547 3702 et
566 3644 702 3703 Stobaeo
723 3640 920 3720 ἐνενοήσαμεν
941 3645 1117 3706 ediderunt.
1130 3644 1309 3720 Vulgatum
1328 3652 1444 3711 autem

267 3751 430 3831 ἐνοήσομεν
443 3757 529 3815 recte
542 3756 682 3816 defendit
696 3756 869 3817 Schneider
878 3758 1426 3835 („n0biscumnonperpendimus”)
1434 3781 1442 3838 ;

219 3866 246 3930 Ε
268 3871 349 3925 νοεῖν
373 3870 405 3928 et
426 3869 528 3928 4401)
550 3869 607 3929 ult.
627 3870 774 3930 occurrit.
796 3861 816 3952 ΙΙ
837 3870 1019 3944 Stephanus
1033 3873 1150 3932 maluit
1160 3870 1201 3931 ἔτι
1212 3870 1288 3953 πρὸς
1299 3871 1444 3952 γενέσθαι

89 4234 237 4724 ΙΙ

266 3979 431 4057 φιλόσοφος
462 3979 516 4058 τὴν
544 3980 647 4058 φύσιν,
677 3982 761 4054 quod
792 3983 862 4043 sine
893 3985 987 4045 dubio
1018 3986 1164 4060 ineptum
1189 3988 1249 4048 est.
1273 3986 1442 4051 Horwerd.

266 4092 341 4170 (Mn.
380 4092 476 4172 1883)
508 4095 691 4168 requirebat
721 4093 761 4154 ἔτι
794 4095 1043 4174 [προσ1γενέσθοι.
1075 4100 1107 4160 Si
1138 4100 1214 4174 quid
1244 4102 1444 4165 mutandum

265 4211 318 4284 eit,
361 4210 469 4283 potius
508 4206 547 4268 ἐίι
586 4210 771 4286 deleverim,
808 4226 907 4283 quam
945 4214 1093 4274 voculam
1126 4216 1184 4274 aut
1219 4228 1318 4288 super
1353 4231 1445 4296 ιιροσ
1477 4291 1482 4302 ι

266 4323 446 4396 explicandi
466 4324 571 4396 gratia
591 4325 844 4398 superscriptam
865 4325 966 4385 fuisse
986 4326 1132 4399 suspicor
1152 4329 1209 4388 aut
1224 4327 1446 4404 dittographie

267 4439 380 4496 natam
405 4452 477 4497 esse
502 4434 859 4517 (ovpoerddlflporyevl

312 4540 390 4610 Ven¹
408 4551 442 4607 ll
462 4549 535 4610 lect
527 4565 633 4610 ionem
662 4545 819 4616 <8τι>“
804 4572 840 4609 ον
863 4545 916 4627 μὲν
940 4547 977 4609 ἂν
998 4549 1057 4628 (sic
1076 4550 1247 4631 Stobaeus)
1265 4489 1447 4628 probarunt
