3000 5018
718 297 758 359 51

146 487 416 561 exspectaveram
452 489 485 547 et
515 487 653 547 fortasse
684 487 775 548 Plato
807 488 936 562 scripsit
968 487 1067 547 δοκεῖν
1099 487 1226 564 δίκαιον,
1261 483 1319 547 ἀλλ’

148 591 227 658 εἶναι
257 596 406 659 ἐθέλοντα.
439 601 636 662 scholiastes
666 602 811 662 Platonis
840 603 874 662 in
901 604 987 663 hunc
1010 604 1145 663 modum
1167 604 1322 677 Aeschyli

148 728 284 774 vorsum
315 713 411 775 citat:
435 711 472 773 od
494 710 551 793 γὰρ
575 713 673 773 δοκεῖν
697 713 820 790 δίκαιος,
842 708 901 773 ἀλλ’
923 707 999 774 εἶναι
1019 713 1125 775 θέλων.
1146 717 1323 789 Postquam

148 824 268 885 δίκαιον
299 828 374 901 post
405 825 503 886 δοκεῖν
526 828 631 903 periit,
655 827 776 888 librarii
799 825 919 906 ἀγαθὸν
943 829 1044 898 (vocis
1065 834 1205 908 γενναῖον
1228 831 1323 890 inter·

99 937 117 1004 3
147 940 391 1012 pretamentum
421 941 454 1000 in
485 955 550 1014 mg.
582 941 782 1015 adscriptum
791 943 817 1011 i)
848 943 880 1000 in
916 943 1044 1003 textum
1076 943 1264 1004 intulerunt.
1303 936 1320 1028 ll

148 1053 331 1126 Madvigius
362 1053 501 1123 (Baitero
524 1054 689 1127 probante)
713 1055 852 1114 correxit
875 1063 1007 1125 τοιοῦτος
1032 1054 1112 1131 [εἴη],
1138 1071 1201 1116 non
1226 1057 1323 1131 male,

147 1181 350 1240 quamquam
381 1167 415 1226 et
441 1162 553 1242 ἄδηλον
582 1162 693 1239 <δν>
722 1157 777 1225 οὖν
801 1168 973 1228 emendare
997 1168 1090 1242 licet;
1115 1169 1245 1243 saepius
1269 1168 1325 1247 εἴη,
1399 1192 1401 1197 ·

147 1270 188 1356 ἦν
212 1283 265 1342 etc
280 1279 380 1340 ⁴Plato
403 1280 554 1342 omittere
579 1280 671 1355 solet,
696 1281 760 1341 vid.
786 1280 979 1341 Sobanzium
999 1282 1033 1341 in
1057 1282 1176 1357 „Novis
1198 1281 1323 1343 Oomm.

146 1394 275 1455 Platon.
309 1395 415 1456 1871”
440 1396 537 1466 (errat
560 1395 744 1455 Scbmelzer
767 1397 885 1469 putans
909 1390 947 1452 διν
970 1397 1004 1454 et
1026 1394 1071 1472 εἴη
1095 1396 1195 1455 simul
1216 1397 1323 1456 omitti

146 1511 265 1582 posse).
289 1507 367 1569 Post
389 1508 587 1568 sententiam
606 1506 854 1568 conditionalem
879 1506 905 1566 εἰ
927 1507 1004 1579 δόξει
1027 1512 1077 1567 κτλ
1101 1510 1182 1569 mihi
1206 1510 1322 1571 iudica·

146 1622 239 1682 tivus
268 1625 342 1696 post
371 1629 503 1691 τοιοῦτος
534 1618 622 1690 (ἐστίν
653 1622 833 1695 Madvigius
861 1622 997 1696 supplet)
1022 1622 1178 1696 displicet.
1204 1623 1273 1680 vam
1299 1623 1324 1682 L

147 1731 263 1810 ἄδολον
296 1731 332 1793 δν
370 1738 437 1808 (pro
475 1725 541 1804 οὖν)
576 1735 696 1808 recepit
726 1734 890 1794 Herwerd.
923 1734 996 1803 (Mn.
1033 1735 1129 1804 1883)
1160 1738 1323 1796 commate

146 1849 224 1920 post
253 1839 328 1906 ελναι
359 1847 473 1921 posito,
502 1847 586 1919 quod
616 1846 692 1906 ferri
714 1847 823 1920 potest
846 1847 1019 1906 dummodo
1043 1863 1069 1907 c.
1095 1847 1253 1921 Madvigio
1278 1847 1323 1925 εἴη

147 1960 305 2021 deleatur.
320 1993 360 2002 -
374 1960 449 2020 Mox
467 1959 502 2020 Ε.
521 1959 642 2019 Mehler
663 1959 737 2029 (Mn.
765 1960 861 2029 1854)
881 1961 968 2019 recte
989 1959 1027 2019 ci.
1051 1957 1132 2030 [διεδ]
1147 1960 1324 2032 κακοδοξίας
1345 2000 1348 2005 ·

146 2075 279 2148 propter
301 2073 474 2146 Phrynichi
497 2073 606 2144 (Bekk.
631 2074 751 2134 Auecd.
778 2072 863 2132 1814
887 2087 917 2146 p.
943 2075 973 2133 6.
998 2074 1049 2142 13)
1072 2075 1169 2135 verba
1189 2070 1325 2153 ἄτεγκτος

147 2184 407 2264 παρηγορήμασιν·
432 2184 586 2264 Αἰσχύλος.
607 2185 708 2268 donari
730 2182 793 2244 ἀντὶ
814 2193 932 2263 γενικῆς
953 2190 1066 2268 Ἀττικῷ
1087 2183 1227 2264 ἐχρήσατο
1251 2184 1322 2246 ἔθει.

149 2298 279 2359 mosao
307 2308 409 2383 γενικῇ
432 2296 575 2378 κέχρηται·
600 2296 640 2374 μὴ
664 2296 819 2378 τέγγεσθαι
841 2297 901 2358 ὑπὸ
928 2299 1112 2370 κακοδοξίας.
1137 2301 1232 2361 Patet
1255 2301 1322 2362 Pla·

147 2416 262 2474 tonem
304 2414 481 2487 scripsisse
517 2409 672 2491 τέγγεσθαι
710 2411 885 2483 κακοδοξίας
920 2413 1044 2473 omissa
1077 2415 1322 2488 praepositione.
1423 2491 1426 2496 Ι

151 2523 317 2606 Τέγγεσθαι
340 2526 414 2596 (vid.
439 2525 602 2595 Photium)
626 2525 713 2585 idem
737 2526 788 2585 est
811 2526 908 2597 atque
931 2524 1027 2583 εἴκειν.
1047 2526 1093 2586 Ut
1112 2521 1259 2602 ἡττᾶσθαι
1280 2530 1324 2596 (θλ

148 2643 335 2719 κρατεῖσθαι)
366 2654 392 2699 c.
424 2639 567 2711 genitivo
599 2638 796 2698 construitur
828 2639 859 2708 (i.
885 2655 911 2698 e.
948 2639 1110 2713 „cedere‘’,
1143 2638 1252 2714 εἴκειν),
1276 2640 1324 2699 ita

150 2753 245 2813 Plato
273 2749 429 2832 τέγγεσθαι
459 2752 613 2812 adhibuit.
646 2751 706 2811 Pro
737 2750 787 2809 ἴτω
819 2751 852 2811 in
883 2752 970 2812 codd.
1002 2748 1061 2828 ἤτω
1085 2753 1261 2827 scriptum;
1286 2754 1324 2814 de
1373 2775 1376 2781 ·

150 2867 224 2928 Par.
248 2867 277 2925 A
301 2865 432 2940 campo.
458 2867 593 2926 annotat
619 2865 686 2940 „By
708 2866 748 2924 ΑῙ
769 2865 798 2924 is
820 2863 871 2922 ἴτω
896 2866 1058 2926 corrected
1081 2867 1115 2926 to
1135 2862 1227 2943 ἥκονθ’
1250 2867 1324 2927 Sex·

150 2979 276 3041 centies
305 2979 339 3038 in
370 2979 440 3040 Par.
472 2979 501 3037 A
532 2985 563 3054 a
582 2994 639 3052 pro
670 2992 680 3035 ι
713 2979 809 3038 modo
833 2978 1000 3054 scriptum,
1025 2980 1120 3040 modo
1143 2983 1325 3041 correctum
1407 2959 1410 2966 ¹

99 3084 134 3163 [)’
151 3095 213 3154 eat.
237 3083 260 3175 ΙΙ
281 3092 352 3153 Vm.
374 3092 399 3151 L
421 3088 567 3168 περιμένει
591 3105 647 3164 pro
671 3086 800 3166 ἐπιμένει
823 3092 910 3151 recte
935 3091 984 3160 (ci.
1011 3093 1074 3152 365
1088 3093 1126 3163 Α)
1150 3093 1325 3167 probarunt

99 3207 217 3275 ΕΑΒ)
250 3207 284 3266 et
313 3205 464 3278 Hirschig
495 3204 554 3274 (ed.
587 3204 766 3264 Phaedonis
801 3204 907 3274 1858).
940 3194 960 3286 ΙΙ
992 3204 1066 3263 Mox
1101 3206 1324 3278 corrigendum

149 3331 271 3380 0811888
290 3313 348 3379 κᾶν
372 3315 410 3393 δὴ
433 3314 484 3376 κοιλ
507 3314 553 3395 dy.
577 3333 633 3391 pro
656 3312 707 3375 κοιλ
731 3313 768 3392 δι’)
792 3312 848 3374 κᾶν
873 3313 918 3394 οἰγ.
942 3320 999 3374 κτλ.
1027 3350 1066 3361 -
1092 3318 1161 3377 Vam
1185 3319 1210 3377 L
1234 3316 1325 3393 δεθή-

148 3449 230 3492 σεται
259 3434 346 3492 recte
380 3430 555 3504 probarunt
578 3431 619 3490 H.
645 3428 781 3490 Wolfius
804 3431 837 3489 et
861 3428 1024 3489 Herwerd.
1051 3430 1123 3499 (Mn.
1151 3430 1257 3519 1883).
1283 3464 1323 3473 -

149 3546 213 3606 Pro
236 3541 453 3620 ἐκκαυθήσεται
477 3544 656 3616 antiquitus
682 3543 833 3613 (testibus
858 3542 1024 3603 Clemente
1047 3543 1152 3619 Alam,
1177 3544 1324 3619 Eusebio,

152 3659 363 3728 Theodoretol
395 3654 586 3732 ἐκκοιτήσεται
610 3656 776 3728 legebatur
800 3656 858 3725 (sic
881 3658 914 3715 et
936 3656 1081 3716 nonnulli
1105 3657 1216 3732 codd),
1241 3658 1325 3717 unde
1439 3697 1440 3701 =

150 3771 268 3832 Aetius
286 3771 472 3845 suspicatus
492 3773 543 3829 est
562 3769 731 3829 Platonem
751 3767 920 3840 scripsisse
941 3765 1157 3844 ἐκκαυθήσεται
1177 3766 1227 3828 καὶ
1244 3766 1326 3829 ε’κκο-

150 3882 287 3961 τιήοεται,
307 3899 406 3957 quam
425 3884 622 3944 sententiam
643 3881 879 3942 Herwerdenus
900 3882 931 3951 (l.
953 3880 984 3951 1.)
1007 3884 1219 3957 comprobans
1238 3899 1325 3957 prae·

150 4000 245 4059 terea
285 3998 425 4059 correxit
469 3993 709 4071 [ἕκ]καυθήσεται
754 3991 838 4070 [καλ],
872 3991 1063 4070 ἐκκοπήσεται
1097 3999 1155 4054 κτλ.
1191 3997 1327 4056 Prorsus

151 4111 316 4172 assendor
339 4110 565 4185 Herwerdeno,
589 4123 789 4182 quamquam
814 4123 878 4167 non
897 4107 1018 4168 infitior
1040 4109 1139 4168 etiam
1160 4106 1191 4168 τὸ
1212 4107 1327 4167 ἐκκάειν

151 4222 224 4296 τοδις
247 4219 426 4301 ὀφθαλμοὺς
450 4224 554 4297 (Gorg.
579 4224 643 4283 473
658 4221 690 4297 0,
715 4222 831 4282 Herod.
858 4224 886 4282 7.
914 4223 964 4291 18)
985 4222 1074 4281 'inter
1097 4222 1326 4296 suppliciorum

151 4344 274 4414 genera
304 4339 407 4408 (iuxta
437 4336 599 4413 ἐκκόπτειν,
629 4333 791 4413 ἕξορύττειν
816 4334 885 4406 τοὺς
908 4331 1097 4412 ὀφθαλμοὺς)
1123 4337 1326 4398 referendum

152 4467 240 4514 esse.
261 4450 423 4513 Ciceronis
443 4452 551 4513 aetate
571 4451 714 4510 nondum
728 4448 898 4520 corruptus
910 4449 962 4508 hic
974 4450 1064 4508 locus
1076 4449 1177 4509 fuisse
1191 4450 1326 4524 videtur,

151 4580 257 4642 quum
289 4566 323 4626 in
355 4565 425 4627 eius
457 4565 495 4625 de
526 4564 701 4638 Republica
733 4562 799 4621 Lib.
826 4561 889 4620 ΙΠ0
913 4562 1104 4621 exhibeatur
1130 4563 1251 4636 „bonus
1273 4563 1330 4620 ille
