3000 5018
626 297 665 355 13

57 487 206 560 puerunt,
242 484 380 544 rescribe
415 485 513 558 igitur
548 481 653 543 ἒίίιιω
685 475 723 542 αὖ
756 489 826 554 (sua
851 486 929 553 vice)
961 483 1071 561 ταύτην
1104 486 1137 544 et
1160 483 1230 544 dele

56 600 223 671 praeterea
247 598 386 657 alterum
411 595 538 674 ἐποίησε.
564 597 695 658 (iudices
715 613 778 658 non
799 595 928 656 ιυυτυισί
946 597 1004 667 (εἰσ
1024 597 1095 656 Ast.
1117 598 1228 657 Herm.

58 710 211 794 damph),
248 712 304 771 sed
339 711 485 771 ιυίιιυισιν
508 705 528 781 1)
560 712 714 785 praebent
745 711 802 780 (sic
835 711 929 771 Sohn.
962 710 1044 770 Bait.
1078 709 1228 784 Wohlr.);

57 824 182 898 primus
215 824 341 884 Bekker
375 825 522 884 dativum
557 825 704 885 Ionicum
739 825 879 884 missum
914 824 1036 884 iaciens
1071 823 1161 883 illam
1196 824 1230 882 in

56 938 218 998 codicibus
242 953 370 1012 semper
389 938 562 1012 fugitivam
583 940 616 999 et
634 935 941 1018 ιιαραυαίυιιιυμίνιγν
961 937 1104 998 litteram
1126 951 1146 1013 r,
1167 952 1230 1010 qua

56 1051 246 1125 pronomina
269 1052 444 1111 demonstr.
470 1052 591 1111 maiore
619 1067 694 1111 oum
719 1052 751 1110 vi
775 1052 961 1126 efferuntur,
986 1052 1161 1112 revocavit.
1189 1086 1228 1094 -

56 1164 116 1224 Pro
151 1155 187 1222 οὗ
222 1185 266 1222 ιυι
300 1164 445 1224 nonnulli
480 1164 569 1224 codd.
605 1165 661 1234 (sic
694 1163 801 1237 steph.
835 1164 905 1232 Ast)
937 1163 1043 1223 ιο-ίιυυ
1077 1165 1231 1225 exhibent

56 1279 232 1350 Astiusque
267 1286 320 1337 ιυῦ
356 1275 393 1354 δὴ
424 1275 509 1336 ἕνεκα
541 1279 692 1352 coniecit;
725 1280 760 1338 at
791 1269 827 1336 οὗ
858 1299 902 1336 ror
925 1278 1001 1337 ferri
1024 1294 1088 1338 non
1111 1282 1228 1355 potest,

55 1392 119 1451 nisi
150 1393 300 1452 scribitur
330 1383 368 1468 ἧν
391 1390 434 1451 ὅτι
457 1396 523 1463 κτίς
554 1393 634 1452 mibi
665 1394 722 1452 aut
745 1407 820 1452 cum
845 1392 922 1452 V.L
946 1392 1052 1451 radron
1076 1415 1121 1453 τοι
1145 1389 1230 1451 ἕνεκα

56 1505 261 1565 scribendum
285 1506 518 1579 emendetur,
543 1506 628 1565 sicut
649 1506 681 1564 in
707 1506 851 1565 Phaedro
877 1506 939 1565 272
964 1506 990 1564 Β
1014 1506 1153 1578 legimus
1174 1512 1231 1567 aut

55 1625 108 1677 τοῦ
133 1619 264 1689 (interr.)
288 1641 332 1677 τοι
342 1664 413 1676 .....
423 1615 539 1697 ἠρόμην
561 1619 632 1679 coll.
658 1619 750 1691 Gorg.
776 1621 839 1679 457
866 1619 890 1677 E
914 1626 966 1677 rori
990 1617 1027 1694 δὴ
1052 1615 1138 1678 ἕνεκα
1157 1618 1230 1698 λέγω

55 1738 163 1803 ταῦσα;
187 1730 230 1790 ὅτι
254 1739 311 1790 νῦν
335 1729 399 1807 ἐμοὶ
422 1732 517 1802 δοκεῖς
540 1736 598 1791 κτλ.
621 1733 691 1792 Vid.
718 1733 817 1792 etiam
843 1733 936 1804 Gorg.
962 1733 1025 1792 453
1053 1732 1075 1792 O
1098 1740 1151 1791 τοῦ
1176 1723 1231 1791 οὖν

10 1840 141 1912 divexa
165 1848 222 1903 ιιι).
247 1835 266 1927 ΙΙ
291 1845 447 1905 Richards
478 1844 589 1913 (Class.
623 1845 701 1905 Rev.
730 1845 824 1914 1893)
849 1844 1059 1923 ξυγγίγνεσθαι
1082 1860 1139 1918 pro
1164 1845 1230 1922 ξυγ-

55 1955 196 2038 γενέσθαι
228 1958 372 2033 requirit‚
404 1959 474 2018 sine
506 1958 572 2017 ulla
603 1973 717 2029 causa;
746 1958 872 2016 utinam
897 1958 1039 2029 aliquem
1064 1959 1102 2018 de
1126 1973 1229 2030 gram-

56 2073 179 2132 matica
208 2072 326 2132 librum
356 2072 569 2144 inspexisset!
598 2105 636 2114 -
662 2071 848 2131 Promiscue
880 2071 970 2130 Plato
993 2071 1108 2130 formis
1133 2068 1231 2129 αὐτῶν

56 2189 140 2257 (eto.)
162 2187 194 2246 et
214 2182 327 2244 ἑαυτῶν
348 2186 458 2245 utitur.
480 2185 586 2245 Facile
606 2186 716 2245 autem
737 2184 881 2244 accidere
901 2184 1006 2258 potuit
1024 2187 1062 2243 ut
1077 2199 1230 2258 persaepe

55 2300 179 2361 librarii
200 2296 283 2358 ἕαυι-
307 2315 364 2374 pro
388 2297 450 2357 αὑι.
474 2298 712 2370 substituerint,
743 2313 817 2356 cum
841 2294 904 2354 αὑι.
928 2297 1086 2371 paulatim
1111 2297 1145 2356 in
1169 2312 1231 2356 usu

56 2429 129 2473 esse
161 2413 301 2473 desierit,
335 2413 453 2472 Utrum
483 2412 620 2484 singulis
651 2412 731 2471 locis
761 2410 852 2470 Plato
885 2411 1051 2484 scripserit
1078 2425 1141 2470 non
1165 2425 1229 2470 am-

10 2527 29 2591 )
55 2527 141 2601 plius
165 2525 296 2585 definire
320 2541 504 2598 possumus
530 2515 548 2607 ΙΙ
574 2525 709 2584 Fallitur
733 2525 896 2584 Herwerd.
923 2524 995 2593 (Mn.
1020 2524 1114 2592 1883)
1136 2539 1229 2584 anno·

54 2643 130 2699 tans
161 2641 202 2700 ad
234 2639 331 2699 verba
362 2636 482 2698 ἐιιειὸυίν
512 2661 555 2710 ιις
585 2642 642 2697 ιιι).
678 2654 760 2713 „non
793 2654 872 2698 sane
895 2639 1016 2713 optime
1042 2639 1173 2712 vulgata
1195 2653 1231 2698 se

54 2753 152 2812 habet
186 2767 243 2825 pro
276 2767 313 2811 eo
346 2752 429 2823 quod
460 2752 630 2810 dicendum
661 2751 784 2811 iuerat:
817 2748 936 2832 ἐνιειθιίυ
969 2772 1011 2820 ας
1043 2748 1128 2829 ε’γγίις
1155 2743 1231 2809 εἶναι

55 2864 153 2940 οἴηται
183 2872 235 2922 τοῦ
263 2866 463 2940 τελευτῆσαι”,
496 2879 573 2923 nam
606 2864 703 2924 verba
734 2861 765 2922 τὸ
790 2863 907 2921 οἴεσθαι
930 2861 1110 2939 τελευτήσειν
1134 2879 1230 2936 quan·

56 2979 132 3036 dam
156 2977 322 3037 definitam
348 2979 433 3037 vitae
456 2979 583 3050 partem
607 2979 831 3047 (senectutem)
851 2976 1087 3049 significant-
1103 2993 1228 3051 senum,

55 3105 120 3149 non
140 3091 294 3151 iuvenum
318 3089 350 3149 τὸ
375 3090 411 3150 οἴ.
435 3093 488 3148 ιε).
513 3090 675 3165 proprium
701 3092 752 3150 est
777 3124 816 3132 -
840 3091 948 3163 itaque
968 3105 1031 3149 non
1051 3092 1083 3150 in
1104 3091 1228 3150 univer-

55 3221 130 3264 sum
161 3207 198 3265 de
228 3207 412 3265 hominibus
436 3206 496 3265 sibi
521 3207 660 3264 mortem
682 3206 805 3265 instare
831 3205 1014 3265 videntibus
1037 3219 1145 3264 sermo
1169 3208 1229 3279 est,

10 3311 29 3378 Β
55 3319 112 3378 sed
136 3320 174 3378 de
199 3319 330 3378 senibus
353 3320 408 3392 qui
431 3321 587 3391 tanquam
611 3319 643 3377 in
670 3318 742 3378 Oroi
762 3318 874 3378 limine
894 3317 1050 3376 habitent.
1065 3309 1084 3399 ΙΙ
1098 3318 1232 3376 Frustra

56 3431 213 3491 Richards
245 3431 357 3502 (class.
382 3433 460 3492 Rev.
487 3435 582 3502 1893)
606 3432 710 3492 solam
737 3428 896 3489 urbivetum
920 3445 1033 3490 senem
1057 3430 1097 3488 ad
1121 3433 1231 3505 μᾶλλον

54 3542 91 3601 τὰ
132 3541 195 3601 ἐκεῖ
230 3548 368 3622 καθορᾶν
409 3545 560 3604 idoneum
602 3546 732 3604 reddere
775 3559 838 3603 non
879 3559 974 3617 posse
1008 3543 1231 3612 demonstrare

55 3659 192 3718 conatus
224 3658 382 3717 conclusit
413 3657 491 3731 „We
514 3660 605 3718 must
627 3673 765 3732 suppose
790 3673 809 3716 a
833 3659 920 3717 word
944 3673 979 3717 or
1002 3659 1067 3716 two
1091 3658 1125 3716 to
1149 3657 1230 3716 have

56 3772 137 3830 been
158 3770 231 3846 lost,
251 3770 405 3844 probably
429 3770 510 3829 after
534 3767 702 3844 ἀσθενείας,
726 3771 759 3829 in
783 3770 888 3830 which
911 3771 966 3830 the
990 3770 1057 3830 real
1081 3770 1175 3830 effect
1200 3771 1234 3829 of

56 3885 169 3957 falling
192 3901 316 3959 powers
339 3901 408 3945 was
432 3883 646 3958 expressed'';
680 3882 838 3956 Cephalus
862 3884 948 3943 enirn
975 3884 1080 3943 verbis
1104 3891 1155 3959 τῆς
1178 3891 1230 3942 τοῦ

56 3997 154 4078 γήρας
189 3995 346 4069 ἀσθενείας
381 3997 500 4057 mentis
522 3989 555 4070 ²),
591 4011 655 4055 non
690 3996 831 4071 corporis
866 3996 948 4068 (quis
978 3996 1106 4068 ignorat
1137 4011 1231 4055 senes

56 4110 190 4187 σώμασιν
222 4109 359 4181 ἀσθενεῖς
391 4126 463 4170 esse
471 4113 497 4179 l)
531 4110 732 4171 debilitatem
759 4110 932 4182 designans
956 4109 1130 4168 manifesto
1155 4109 1232 4168 dicit

56 4224 189 4284 senibus
219 4239 449 4296 nonnunquam
480 4224 639 4283 eiusmodi
670 4222 858 4283 formidines
884 4237 1031 4294 vanaque
1055 4222 1231 4281 simulacra

93 4489 112 4553 ¹)
130 4493 171 4538 Sis
189 4493 215 4537 in
232 4492 309 4549 Gorg.
328 4491 375 4538 503
393 4492 416 4537 D
435 4494 517 4538 οὑτωσί
535 4493 623 4554 ἀτρέμα
641 4492 737 4538 factum
757 4494 796 4537 est
813 4492 910 4536 οὑτωσὶν
928 4490 1022 4554 ἀτρέμα.

92 4567 112 4633 ²)
130 4574 265 4623 Ὰυθενιίας
281 4570 378 4629 aliquot
396 4583 490 4629 genera
507 4572 533 4616 in
552 4573 599 4618 366
618 4571 641 4616 D
660 4571 847 4616 enumerantur.
