3000 5018
657 235 675 293 ’ί

80 421 206 497 Πειραιᾶ
230 419 300 478 sine
324 419 418 478 dubio
442 420 475 478 in
498 420 627 479 textum
652 422 832 496 recipienda
855 424 906 482 est
929 423 978 492 (oi.
1001 420 1069 481 dih
1089 413 1125 479 n⁰
1145 421 1249 498 6604„

23 524 52 588 Β
76 545 161 591 anno
182 532 356 591 390-385
377 546 406 590 a.
429 531 483 591 Oh.
504 548 546 607 n.,
569 531 685 611 Δορκὰς
706 531 741 611 ἐμ
757 538 895 611 Πειραιεῖ
903 534 1047 605 οἰκοῦσα).
1062 525 1081 615 ΙΙ
1095 533 1251 592 Similiter

79 645 167 704 codd.
193 644 226 702 in
246 645 323 704 trita
343 645 503 704 locutione
522 643 596 722 πρὸς
615 641 687 705 ι’ίστυ
707 647 802 708 modo
827 649 900 718 (vid.
923 663 973 707 ex.
994 662 1040 719 gr.
1055 647 1146 715 3270)
1159 644 1249 705 artic.

78 757 245 832 omittunt,
278 759 372 818 modo
403 758 535 833 addunt,
560 758 661 819 male:
694 761 910 821 omittendum
943 776 1015 820 esse
1047 758 1136 819 artie.
1168 758 1251 818 aliae
1299 822 1301 827 ,

79 871 264 931 huiusmodi
283 871 461 930 locutiones
481 868 565 940 (κατὰ
584 870 671 931 πόλιν
692 874 823 934 Theaet.
848 875 908 933 142
921 875 960 948 A,
981 871 1021 943 εἰς
1042 869 1144 948 λιμένι
1163 871 1250 945 ibid,

79 981 110 1042 ἐν
135 980 228 1066 ἀγορᾷ
252 984 328 1057 Rep.
355 986 457 1053 3710)
481 985 563 1044 satis
583 1001 741 1059 superque
761 988 885 1062 docent,
906 1001 1006 1060 quum
1026 985 1060 1044 in
1072 984 1251 1057 quotidiano

79 1113 229 1157 sermone
248 1099 337 1157 κνλλιι
355 1098 420 1158 πίλα
438 1114 505 1157 νοσν
525 1099 661 1173 oppositu
680 1100 888 1161 adhibentur:
909 1100 1009 1159 sicin
1029 1098 1164 1158 Phaedri
1181 1098 1251 1157 init.

80 1207 111 1268 ἐν
135 1207 224 1286 ἄστει,
246 1213 303 1272 sed
326 1212 400 1273 ibid.
426 1213 490 1272 230
514 1212 564 1272 OD
587 1210 619 1271 ἐκ
642 1221 694 1272 τοῦ
714 1209 823 1284 ἄστεος.
845 1213 924 1273 Vide
945 1214 977 1274 et
997 1214 1121 1273 Menex.
1144 1211 1252 1271 mer

81 1322 111 1381 ἔκ
131 1345 159 1382 τε
182 1322 237 1403 γὰρ
258 1332 311 1383 τοῦ
335 1328 483 1403 Πειραιῶς
506 1323 556 1383 καὶ
579 1327 610 1395 (l.
634 1323 701 1399 κάκ)
725 1334 777 1386 τοῦ
801 1322 910 1397 ἄστεος.
935 1360 977 1367 -
1002 1327 1047 1386 De
1070 1325 1211 1385 formula
1233 1314 1252 1401 ἦ

83 1431 146 1508 δ’ὃς
170 1439 278 1498 confer
300 1453 382 1511 quae
406 1440 444 1499 A.
469 1439 622 1500 Ludwich
641 1440 674 1499 in
695 1440 774 1499 Mus.
795 1441 896 1500 Rhen.
921 1440 1005 1500 1883
1026 1456 1055 1514 p.
1076 1439 1252 1499 ter-453

81 1551 268 1625 disputavit.

32 1662 57 1730 G
125 1663 252 1737 corrige
284 1664 468 1742 Ἀδείμαντος
499 1667 532 1726 et
563 1663 613 1724 καλ
644 1662 764 1736 i(sive
787 1662 839 1744 χώ)
863 1665 1049 1744 Νικήρατος;
1071 1666 1144 1726 vide
1168 1665 1254 1725 diota

82 1779 121 1837 ad
146 1780 209 1838 334
233 1779 267 1839 Ε.
294 1815 334 1823 -
359 1780 457 1840 Reate
482 1781 594 1840 Stallb.
618 1780 688 1838 vam
709 1779 785 1840 L‘iv
804 1779 930 1838 λείπεται
950 1779 1093 1855 retinuit,
1115 1778 1161 1838 sio
1181 1778 1252 1852 Ast,

81 1892 192 1968 Beki,
228 1892 385 1968 Schneid,
404 1966 406 1971 .
422 1894 516 1968 Bait,
553 1894 710 1954 Sohmeln
746 1894 912 1968 (,tertium
948 1892 1085 1966 datur”),
1122 1890 1252 1964 damph.

82 2005 215 2064 Frustra
246 2006 357 2067 Herm.
390 2008 423 2066 et
454 2006 575 2068 Wohlr.
607 2007 764 2066 ἐλλείπεται
795 2006 963 2067 defendere
991 2005 1123 2065 student
1149 2004 1254 2063 verbis

83 2117 206 2177 Philebi
237 2134 263 2180 c.
296 2120 315 2179 8
346 2118 378 2178 τὸ
411 2115 440 2178 d’
467 2118 539 2179 αὐτό
563 2141 612 2196 μοι
635 2129 688 2179 τοῦ
711 2119 801 2200 λόγου
811 2165 898 2178 ......
922 2116 1087 2177 ἕλλείπεσοιι.
1110 2118 1254 2176 Venetus

84 2232 95 2290 l
125 2223 173 2289 m1
207 2227 357 2310 ἐλείπεται,
379 2233 412 2293 in
436 2249 501 2306 mg.
525 2234 644 2308 legitur
666 2256 710 2312 γρ.
730 2233 765 2292 ἓν
790 2233 926 2309 λείπεται,
948 2233 1078 2307 perinde
1101 2234 1198 2303 atque
1221 2230 1254 2288 in

84 2345 228 2407 Parisino
252 2349 290 2408 A.
315 2348 363 2406 Ex
387 2348 561 2408 Theaeteto
589 2349 650 2407 188
675 2348 703 2407 Α
728 2348 863 2408 conferri
887 2349 993 2421 potest
1016 2342 1086 2404 titio
1110 2339 1139 2423 γ’
1166 2340 1256 2404 οὐδὲν

84 2458 210 2518 λείπεται
232 2464 290 2519 κτλ.
310 2495 352 2502 -
368 2461 473 2521 Verba
492 2457 532 2532 ὡς
551 2460 652 2520 τοίνυν
673 2459 713 2537 μὴ
733 2458 944 2538 ἀκουσομένων
964 2475 1027 2519 non
1047 2475 1066 2518 a
1086 2459 1256 2517 διανοεῖσθε
1290 2517 1293 2523 ,

84 2575 224 2647 pendent
253 2576 290 2634 ut
316 2576 379 2634 Ast
401 2575 625 2651 praecipiebat,
650 2575 725 2648 quia
748 2576 800 2636 hio
824 2573 900 2633 olivo
924 2575 1069 2634 additum
1093 2573 1160 2647 est;
1189 2587 1255 2631 ver·

85 2688 219 2747 tendum
242 2691 293 2749 est
318 2704 420 2764 ,quae
443 2705 518 2749 oum
542 2690 588 2748 ita
611 2690 687 2764 sint,
708 2689 847 2762 cogitate
867 2688 942 2761 quid
964 2687 1054 2747 vobis
1074 2685 1257 2751 iaciendum

85 2802 160 2860 sit.”
181 2800 286 2862 Verba
308 2799 348 2873 ὡς
365 2837 401 2844 -
415 2799 626 2879 ἀκουσομένων
650 2805 727 2862 sunt
750 2817 821 2875 gen.
847 2801 1026 2875 absolutae,
1047 2799 1153 2872 qualis
1175 2798 1270 2872 apud

85 2914 184 2974 Arist.
202 2917 263 2974 Av.
287 2917 371 2975 1513
392 2916 506 2975 obvius
524 2911 613 2974 ίίκουε
635 2914 673 2991 δή
694 2936 750 2973 νυν
764 2947 805 2954 u-
819 2909 858 2984 ὡς
878 2910 1041 2982 ἀκούοντος
1054 2907 1117 2990 λέγε
1131 2913 1163 2970 et
1176 2910 1259 2983 apud

86 3027 167 3087 Plat.
192 3027 329 3101 Euthyd.
356 3027 460 3088 aeth
484 2997 542 3087 ult.
567 3023 606 3097 ὡς
630 3022 887 3103 ἀποκρινουμένου
912 3022 1012 3102 ἐρώτα.

33 3134 64 3201 A
132 3141 169 3199 In
198 3142 286 3201 codd.
319 3142 441 3214 aliquot
472 3135 527 3215 ἀφ’
561 3126 674 3198 ἴττνταν
691 3143 765 3215 post
787 3149 822 3222 τῇ
845 3143 906 3221 θεῷ
931 3139 1135 3213 collocatum,
1160 3140 1193 3196 et
1215 3137 1261 3196 ita

87 3269 172 3313 unus
191 3255 291 3315 Bekk.
311 3256 419 3330 edidit,
441 3257 475 3314 at
495 3256 648 3328 vulgatus
668 3254 840 3314 verborum
860 3253 945 3327 ordo,
967 3252 1086 3325 opinor,
1106 3251 1261 3309 maiorem

88 3368 154 3427 vim
176 3370 309 3428 obtinet.
330 3368 513 3429 Verisimile
534 3369 636 3428 estin
657 3384 694 3428 eo
714 3366 903 3440 exemplari,
925 3380 965 3424 ex
985 3378 1048 3436 quo
1068 3363 1193 3422 oodioes
1215 3362 1263 3421 illi

88 3482 220 3555 fluxere,
252 3482 354 3541 verba
389 3477 442 3556 ἀφ’
481 3481 580 3540 ἴτττιων
615 3483 727 3556 utpote
758 3495 777 3539 a
807 3478 937 3538 librario
969 3477 1111 3551 primum
1141 3475 1264 3534 omissa

88 3596 201 3667 postea
221 3594 327 3653 verbis
347 3604 381 3676 τῇ
403 3599 464 3676 θεῷ
481 3595 698 3669 superscripta
711 3593 822 3666 luisse,
836 3592 909 3651 dein
922 3591 954 3649 in
967 3590 1059 3650 novis
1072 3588 1264 3663 apographis

35 3713 64 3776 Β
88 3707 339 3767 describentium
361 3707 454 3780 culpa
473 3708 506 3766 in
526 3708 649 3766 malam
669 3706 781 3765 sedem
802 3704 981 3764 devenisse.
1003 3697 1022 3785 ΙΙ
1042 3702 1102 3761 Pro
1117 3697 1264 3758 Παιανιέα

90 3821 159 3894 lege
183 3823 326 3879 Παιανιᾶ.

43 3936 67 4003 0
135 3935 271 3994 Noietur
300 3935 466 4009 parataxis
496 3935 530 3994 in
564 3933 669 3994 verbis
704 3929 753 3991 ἐπί
781 3952 859 4001 τινος
891 3925 1132 4005 προσκεφαλαίου
1164 3945 1193 3982 τε
1216 3921 1266 3982 καὶ

91 4046 200 4126 δίφρου
234 4064 291 4122 pro
323 4045 373 4107 ἐπί
400 4069 480 4119 τινος
510 4044 751 4125 προσκεφαλαίου
784 4043 816 4103 ἐν
849 4041 955 4125 δίφρῳ.
987 4039 1128 4101 Conferri
1159 4039 1267 4111 potest

67 4150 206 4220 'versus
236 4162 430 4222 Homericus
462 4153 538 4220 εἷσεν
570 4154 599 4219 δ’
633 4157 664 4219 ἐν
688 4161 835 4234 κλισμοῖσι
861 4153 971 4232 τάπησί
992 4174 1021 4212 τε
1043 4147 1267 4229 πορφυρέοισιν.

91 4275 140 4334 Ex
175 4275 226 4335 his
256 4276 289 4335 et
319 4291 361 4336 ex
391 4276 431 4335 iis
462 4291 544 4348 quae
576 4275 689 4335 statim
721 4272 902 4344 sequuntur
932 4268 1105 4327 manifesto
1137 4265 1270 4338 apparet

93 4389 219 4448 Platoni
250 4390 359 4448 mente
392 4389 571 4448 Homerum
599 4388 809 4447 obversatum
832 4398 904 4442 esse
930 4383 962 4440 et
985 4380 1154 4454 praecipue
1178 4391 1267 4450 gran·

93 4502 186 4562 daevi
207 4516 244 4560 ao
263 4500 457 4560 venerabilis
477 4478 622 4560 Nestoris
643 4497 819 4569 imaginem
842 4496 926 4555 inter
941 4492 1025 4552 filios
1038 4507 1115 4551 suos
1127 4490 1270 4550 sedentis
