3000 5018
810 270 852 329 46

235 447 492 535 disputavimus.
521 492 560 502 -
586 459 660 518 Mox
684 458 834 518 meliores
858 458 946 518 codd.
971 454 1072 533 ἐπειδή
1098 453 1151 535 [γέ]
1176 477 1227 533 μοι
1250 457 1420 532 exhibent,

244 574 291 633 sic
313 588 428 634 omnes
450 573 541 633 editt.
566 572 659 632 Astio
682 572 833 645 excepto;
855 586 913 644 ego
932 571 1013 632 illud
1032 591 1064 649 γε
1085 571 1305 645 recipiendum
1323 571 1421 645 duco,

244 687 284 746 cf.
316 687 402 746 diets
432 686 472 745 ad
503 686 566 745 348
579 701 604 745 ο.
637 684 838 745 Deteriorum
862 684 1007 745 codicum
1032 683 1134 743 bonae
1157 683 1314 744 lectiones
1335 683 1421 743 mihi

243 814 306 859 non
333 815 447 860 omnes
471 803 564 872 (quse
587 798 698 860 (iobeti
713 792 733 868 ¹)
758 798 863 872 opinio
886 798 958 867 fuit)
983 797 1087 858 doctis
1108 797 1284 859 lectoribus
1309 798 1420 859 deberi

244 913 402 986 videntur,
423 913 480 973 sed
500 927 613 973 earum
628 925 748 984 magna
759 925 835 984 pars
846 911 1079 971 correctoribus
1091 925 1118 972 s.
1131 909 1311 989 ὃιορθωταῖς
1323 911 1420 972 bonis

191 1023 221 1088 Β
244 1023 436 1106 ἀντιγράφοις
461 1027 540 1088 usis,
561 1018 581 1109 ΙΙ
601 1027 720 1099 Legere
746 1025 860 1085 malim
885 1021 934 1083 esi
956 1032 1043 1084 cetico
1066 1021 1165 1085 ἐλθεῖν
1185 1003 1251 1097 ’[ἀοί
1278 1022 1422 1102 included,

244 1139 316 1200 ὥστε
348 1144 406 1199 κτλ.
441 1140 466 1199 Ε
499 1139 698 1214 praegressis
730 1139 836 1213 verba,
868 1153 951 1211 quae
982 1137 1097 1214 delevi,
1129 1139 1268 1199 moleste
1298 1139 1422 1200 iterata

245 1256 338 1328 sunt;
370 1254 563 1326 cogitatione
586 1251 740 1312 facillime
763 1252 904 1326 suppleri
926 1253 1072 1325 possunt
1099 1285 1140 1297 -
1164 1253 1214 1313 Ad
1238 1253 1307 1312 vim
1329 1268 1421 1327 pree

244 1368 413 1443 positionis
443 1364 474 1424 ἐκ
504 1367 537 1426 in
569 1365 676 1426 verbis
708 1363 739 1424 ἐκ
769 1373 821 1424 τοῦ
853 1363 992 1443 διαλόγου
1024 1365 1281 1439 cognoscendam
1308 1367 1423 1428 confer

246 1481 348 1541 343E
382 1477 413 1538 ἐκ
447 1487 499 1538 τοῦ
531 1477 676 1556 δημοσίου
705 1473 798 1554 μηδὲν
828 1473 1018 1554 ὠφελεῖσθαι,
1048 1478 1152 1539 347ss
1182 1474 1214 1537 iu
1244 1485 1298 1556 οῆς
1325 1475 1423 1558 ἀρχῆς

244 1591 453 1672 λαμβάνοντες.

263 1825 298 1910 Ὶι)
315 1853 334 1897 Α
353 1853 376 1899 J.
394 1853 419 1899 S.
436 1851 576 1897 Kroschelo
594 1850 687 1903 (Fleck.
706 1849 765 1897 Jbb.
786 1848 861 1908 1881)
880 1849 1033 1908 improbate.
