3000 5018
767 298 830 356 114

206 484 353 545 irrisione
388 484 536 544 Socrates
567 483 729 558 loquitur),
761 483 871 556 itaque
902 482 1080 543 verisimile
1109 483 1160 543 est
1193 482 1360 556 scriptorem

208 612 342 657 causam
373 598 469 657 huius
496 598 572 658 dicti
597 596 768 656 addidisse.
797 596 883 671 Quae
907 611 982 656 011111
1005 610 1105 655 causa
1128 595 1162 655 in
1186 595 1361 669 praegressis

208 725 272 768 nen
303 710 465 784 appareat,
498 712 750 769 consentaneum
784 709 835 767 est
867 722 941 767 eam
969 708 1001 767 in
1033 708 1244 780 sequentibus
1272 707 1360 768 latere.

208 820 285 880 Mihi
318 822 418 895 igitur
448 822 575 882 videtur
606 821 698 881 Plato
730 820 776 880 sic
809 820 995 893 scripsisse:
1029 820 1069 891 ὥς
1100 836 1176 895 φασι
1206 819 1315 899 κρείττω
1334 816 1361 894 ib

207 932 301 994 αὑτοῦ
321 934 485 1010 φαίνεσθαι
500 929 520 1005 1)
541 939 597 1006 (sc.
619 938 694 1004 τινα)
715 931 770 992 οὐκ
790 925 848 992 old’
868 938 916 992 κτλ
938 935 957 993 i.
972 951 998 995 θ.
1026 935 1164 1010 „videtur
1182 933 1363 1010 temperantia

207 1066 266 1110 cccc
296 1047 444 1125 κόσμος
468 1071 525 1118 τις
548 1046 613 1107 καὶ
637 1046 738 1107 istd.
763 1045 872 1126 ἐνκρ,
895 1049 1045 1122 quoniam
1068 1022 1363 1110 bomtmca'dtcmatse

206 1165 271 1237 ipso
297 1164 458 1238 fortiorem
484 1162 632 1237 praebere
663 1163 737 1221 etc.’'
769 1161 848 1222 Fere
879 1176 993 1221 omnes
1026 1163 1115 1222 editt.
1141 1162 1264 1233 (Stallb.
1287 1162 1361 1222 Schn.

207 1275 318 1336 Herm.
351 1275 510 1336 Schmelr.
544 1275 685 1350 Gampb.)
718 1291 796 1335 voce
827 1275 993 1349 adiecerat·
1017 1277 1124 1336 deleta
1147 1272 1277 1354 λέγοντες
1297 1289 1363 1335 rece·

207 1391 339 1464 perunt;
365 1404 439 1448 curn
464 1391 575 1448 autem
595 1387 634 1458 ὥς
655 1404 728 1462 φασι
748 1390 877 1448 vertant
895 1404 952 1462 per
975 1391 1032 1464 „ut
1053 1389 1196 1464 dicunt”,
1218 1388 1363 1448 neminem

206 1502 309 1575 fugiet
331 1501 378 1561 sic
401 1501 545 1575 particip.
569 1497 700 1580 λέγοντες
725 1504 758 1561 et
776 1502 810 1560 in
832 1516 905 1560 aere
926 1516 1122 1575 suspensum
1144 1515 1217 1560 esse
1239 1501 1271 1560 et
1289 1499 1364 1574 plane

206 1615 378 1674 abundare.
422 1615 556 1674 Veteres
595 1615 734 1674 editores
768 1616 843 1688 post
878 1630 952 1689 φασι
987 1613 1079 1688 plene
1115 1609 1367 1687 interpungebant

206 1743 309 1800 nsque
344 1729 438 1788 aliter
471 1729 541 1788 sine
577 1729 672 1787 dubio
707 1728 870 1788 Dobraeus
906 1728 1051 1797 (Advers.
1090 1726 1165 1787 crit.
1203 1727 1294 1796 1830)
1322 1736 1367 1799 pro

205 1839 365 1915 φαίνονται
396 1841 557 1902 coniciens
588 1840 681 1916 φασίν
708 1863 784 1917 τινα,
806 1843 846 1901 ad
871 1857 969 1913 quam
994 1841 1215 1901 coniecturam
1238 1839 1366 1914 proxime

206 1954 329 2014 accedit
353 1955 511 2014 Badhami
535 1925 681 2024 (Phaedri
704 1956 764 2024 ed.)
793 1975 891 2030 φαμεν
911 1969 967 2028 pro
988 1953 1148 2028 φαίνονται
1169 1950 1365 2013 emendantis.

206 2067 386 2140 Madvigius
421 2070 518 2141 (prob.
554 2068 683 2127 Baitero
718 2069 751 2127 st
787 2067 942 2127 Schanzio
976 2068 1009 2126 in
1044 2066 1124 2127 libro
1163 2066 1288 2142 „Ueber
1317 2065 1365 2124 den

207 2180 419 2240 Plato-(lodex
447 2183 497 2241 etc
524 2181 641 2250 1877”)
666 2180 704 2240 01.
730 2179 876 2255 φαίνοντα
901 2178 1000 2247 (110111.
1025 2179 1118 2253 plur.)
1141 2195 1199 2253 pro
1223 2177 1366 2254 φαίνονται

207 2295 384 2366 speciosius
407 2309 508 2366 quam
532 2294 641 2353 verius
663 2297 700 2353 ut
724 2294 959 2353 demonstravit
983 2293 1139 2354 Richards
1163 2291 1277 2362 (Olass.
1301 2291 1365 2351 Rev.

209 2406 315 2482 1893),
347 2422 424 2466 nam
457 2407 524 2465 vim
553 2406 729 2480 particulae
752 2426 812 2464 κοα
838 2407 887 2465 vir
910 2406 1118 2466 doctissimus
1142 2405 1238 2480 plane
1261 2401 1369 2480 sprevit

207 2523 240 2581 et
259 2521 421 2582 duriorem
441 2520 569 2595 ellipsin
586 2521 718 2580 admisit
726 2538 733 2595 ;
747 2520 910 2594 poeticum
923 2521 1059 2592 denique
1072 2519 1153 2578 mihi
1166 2517 1313 2593 φαίνοντα
1323 2528 1368 2592 pro

205 2642 350 2694 ποιοῦντα
369 2651 395 2694 0.
417 2632 638 2713 ἀπεργαζόμενα
658 2649 684 2695 0,
704 2630 869 2712 παρέχοντα
891 2634 1016 2693 videtur
1030 2626 1062 2703 ²).
1084 2633 1258 2693 Praeterea
1270 2628 1367 2693 stalli.

207 2750 240 2808 et
262 2748 442 2821 Madvigius
462 2748 561 2808 verba
579 2744 652 2806 dila
672 2743 742 2805 ίίττα
755 2793 760 2804 .
775 2793 780 2804 .
794 2792 820 2804 ..
840 2742 950 2825 λέγεται
970 2746 1121 2806 adiuncta
1141 2761 1215 2806 esse
1227 2740 1369 2822 putarunt

208 2863 247 2921 ad
276 2859 385 2937 κόσμος
415 2857 465 2919 καὶ
496 2857 656 2939 ἐγκράτεια,
686 2859 772 2920 male
804 2859 833 2918 si
863 2859 938 2932 quid
962 2858 1065 2932 video,
1098 2873 1176 2917 nam
1208 2854 1368 2919 manifesto

206 2972 297 3032 Plato
331 2973 408 3032 dicit
442 2972 656 3046 proverbialis
689 2973 847 3033 eiusmodi
879 2973 964 3032 dicta
994 2970 1088 3044 quale
1120 2967 1214 3029 αὑτοῦ
1246 2969 1369 3047 κρείττων

206 3085 370 3161 φαίνεσθαι
389 3101 462 3146 0000
482 3084 578 3164 ὥσπερ
602 3084 668 3164 ἴχνη
682 3078 704 3155 ³)
728 3085 963 3159 temperantiae
986 3083 1137 3143 notionis.
1164 3082 1367 3144 Doctissimus

206 3200 242 3261 Ο.
274 3199 372 3274 Apelt
402 3199 528 3272 (oymn.
561 3200 707 3260 Jahrssb.
741 3198 896 3259 Wsimar.
922 3199 1016 3267 1880)
1041 3198 1122 3258 item
1146 3197 1297 3270 Madvigii
1317 3190 1367 3255 cam

206 3313 391 3388 improbans
425 3315 520 3387 putat
556 3329 668 3373 vocem
703 3311 862 3387 φαίνονται
896 3327 915 3371 a
950 3311 1090 3384 quodam
1125 3309 1271 3370 additam
1305 3317 1364 3368 esse

207 3428 340 3487 voculae
364 3423 402 3502 δν)
421 3427 630 3501 explicandae
650 3441 758 3502 causa,
779 3425 835 3484 sed
855 3425 953 3484 verba
972 3424 1090 3502 κρείττω
1111 3421 1148 3500 ὃν)
1169 3420 1263 3483 αὑτοῦ
1281 3419 1364 3500 λίνον-

206 3561 251 3610 τες
265 3585 369 3597 ......
392 3540 503 3619 τρόπον
525 3556 582 3614 per
601 3541 754 3614 exegesim
777 3555 796 3600 a
816 3539 971 3613 scriptore
996 3539 1105 3598 addita
1128 3552 1201 3598 esse
1223 3539 1263 3599 ad
1283 3531 1363 3596 verba

208 3650 358 3732 ἐγκράτεια
377 3651 417 3722 ὥς
437 3668 519 3727 φασι.
540 3653 654 3714 Credat
673 3654 812 3713 iudaeus
833 3652 962 3726 Apellei
984 3652 1141 3711 Richards
1153 3642 1361 3725 deniquedtl

207 3781 263 3841 pro
294 3764 453 3840 φαίνονται
484 3767 563 3840 legit
585 3764 811 3843 ἀποφαίνοντες.
834 3767 894 3826 Pro
918 3762 1029 3844 λέγεται
1051 3765 1261 3825 Hermannus
1277 3754 1359 3837 (proli

208 3895 273 3939 uno
296 3879 465 3949 Schmelz.)
491 3881 630 3939 correxit
653 3879 799 3956 polverel,
822 3879 892 3938 01110
915 3878 983 3938 ulla
1007 3892 1115 3938 causa.
1136 3876 1256 3938 Totum
1274 3877 1360 3936 locun

127 4024 130 4030 >
209 3994 256 4054 sic
290 3993 495 4054 scribendum
526 3994 620 4066 puro:
656 3990 765 4069 κόσμος
795 3992 855 4052 πού
886 4013 929 4063 τις
942 4036 1028 4050 .....
1050 3988 1210 4071 ἐγκράτεια,
1239 3990 1278 4062 ὥς
1304 3996 1360 4064 pror

207 4106 325 4187 κρείττω
346 4104 383 4183 δὴ
403 4104 496 4165 αὑτοῦ
516 4105 689 4183 φαίνεσθαι,
708 4104 763 4165 οὐκ
776 4150 921 4163 ........
941 4099 1192 4184 reducamini
1209 4100 1279 4164 ἅττα
1287 4138 1359 4161 ......

244 4413 263 4478 ¹)
281 4417 401 4463 Fortasse
418 4420 547 4478 φα1νιοθαι
565 4428 579 4462 0
597 4428 648 4473 mg.
666 4414 777 4475 irrepsit.

241 4491 261 4559 ²)
279 4495 318 4541 01.
338 4495 414 4554 Soph.
432 4496 501 4542 hino.
521 4496 585 4541 1362
603 4497 661 4553 ἡμᾶς
677 4496 707 4541 σὺ
724 4494 873 4547 δηλούσῃ...
892 4499 977 4553 φανείς.

234 4571 315 4636 3)Δά
330 4576 388 4637 lm
406 4575 438 4623 cr'.
458 4575 540 4623 3651)
557 4575 592 4622 in.
