3000 5018
634 264 675 322 97

47 441 188 521 εὐφυεῖς
212 446 407 526 τὰσώματα.
431 450 521 510 Idem
545 465 624 510 mox
647 465 722 511 cum
747 451 861 511 eodem
881 455 1043 528 κακοφυεῖς
1068 454 1169 526 <τε>
1193 452 1244 514 καὶ

48 552 217 639 ἀνιάτους,
248 561 344 638 male,
375 577 453 622 nam
485 562 677 623 vertendum
706 565 757 624 est
783 566 835 639 „et
858 566 989 625 omnino
1013 566 1243 629 insanabiles.”

49 668 93 729 In
132 675 297 749 proximis
327 676 483 737 Richards
515 674 629 753 (Class.
663 676 742 738 Rev.
776 676 876 754 1893)
907 679 1025 739 iniuria
1054 678 1161 740 αιἰτΑΙ
1188 696 1244 756 pro

51 779 171 846 αιἰτΟῖ
191 784 319 867 (daona)
343 789 494 862 requirit:
519 791 655 864 scriptor
678 790 918 850 constructione
942 792 982 851 ad
1006 794 1140 865 synesin
1162 810 1245 856 usus

54 898 125 959 est.
160 901 200 961 In
229 899 250 977 ς
280 901 339 962 ult.
371 903 545 976 transpone
576 901 668 962 ταύτὰ
692 911 783 962 ταῦτα
805 903 882 981 ἴχνη,
905 904 944 963 de
967 920 1029 978 quo
1054 907 1245 967 mendorum

10 991 18 1049 ἶ
50 1018 184 1078 genere
216 1015 290 1075 vide
321 1015 408 1076 diota
438 1016 478 1076 ad
503 1017 609 1077 406ss
635 1014 752 1088 (ἄλλους
779 1017 903 1095 ὕστερον
925 1018 1074 1089 πολλούς).
1112 1018 1116 1088 ἶ
1142 1020 1247 1080 Verba

52 1114 72 1176 ὅ
110 1128 260 1203 μουσικὸς
291 1126 469 1208 (campbell
500 1132 600 1191 vertit
640 1148 716 1206 „our
747 1134 879 1192 student
917 1132 952 1192 of
987 1129 1127 1211 music’')
1165 1133 1247 1193 mihi

50 1229 209 1304 insiticia
238 1243 400 1319 videntur,
432 1244 507 1316 quia
535 1259 599 1304 non
630 1245 668 1305 de
702 1247 900 1306 musicorum
926 1246 1115 1306 educatione
1138 1261 1247 1306 sermo

50 1352 125 1429 est,
159 1356 217 1417 sed
248 1356 287 1417 de
318 1355 500 1417 custodum.
525 1357 713 1417 Subiectum
737 1359 826 1418 verbi
849 1357 965 1436 αἱρήσει
989 1362 1040 1420 est
1064 1355 1080 1418 ὁ
1103 1356 1180 1430 νέος.
1206 1392 1246 1402 -

49 1453 154 1530 Bene
185 1469 301 1529 Aetius
332 1484 349 1529 e
379 1470 492 1544 paucis
523 1470 612 1531 codd.
644 1471 677 1531 et
706 1470 828 1531 Galerio
860 1472 981 1545 recepit
1013 1493 1045 1550 χε
1076 1476 1151 1532 ante
1179 1471 1249 1549 μήν,

51 1582 144 1642 cum
168 1581 283 1642 Gelani
303 1581 460 1643 lectiones
483 1584 618 1643 minime
642 1584 841 1657 spernendae
862 1557 1027 1644 sini'Hoc
1048 1584 1117 1644 loco
1137 1605 1168 1663 χε
1188 1582 1248 1659 μὴν

52 1693 344 1764 argumentationi
374 1697 483 1772 aptius
515 1697 566 1756 est
588 1711 687 1769 quam
710 1697 850 1771 simplex
875 1694 943 1773 μήν.
967 1698 1005 1756 In
1028 1697 1144 1757 Politia
1168 1711 1249 1755 usus

54 1812 122 1863 τοῦ
155 1830 195 1889 χε
225 1808 300 1886 μήν
331 1810 425 1870 valde
455 1811 626 1872 restrictus
649 1813 709 1872 est.
735 1811 877 1871 Galenus
900 1805 987 1870 ἐκεῖν’
1015 1807 1172 1890 ἐπεγείρων
1195 1825 1248 1868 ex·

59 1903 171 1998 hibet,
207 1923 243 1983 at
276 1922 349 1983 vide
383 1923 416 1982 in
451 1924 554 1983 4111)
590 1920 782 2002 ἐγειρόμενον.
819 1924 1044 1984 Hermannum
1079 1940 1096 1984 e
1128 1922 1249 1984 Galeno

10 2099 30 2129 Ν
64 2034 318 2114 μεταχειρίζονται
348 2050 405 2110 pro
437 2039 655 2114 μεταχειριεῖται
686 2037 895 2110 reponentem
930 2037 1017 2097 recte
1041 2037 1175 2097 secutus
1197 2036 1249 2095 est

10 2128 30 2166 υ
66 2131 269 2227 ἓοὴαιοὶτοε,
293 2165 371 2210 nam
394 2149 528 2222 vulgata
550 2150 759 2209 invenustam
783 2150 995 2223 tautologiam
1022 2151 1134 2224 gignit.
1149 2142 1168 2234 ΙΙ
1190 2151 1247 2225 Op·

69 2249 154 2323 tine
188 2262 370 2337 Madvigius
405 2259 503 2337 (prob.
535 2260 676 2338 Baitero)
708 2263 848 2323 correxit
878 2262 1073 2322 καθίστασαν.
1106 2264 1249 2336 sequens

73 2365 133 2434 ’ἕνα
160 2376 317 2437 mendum
343 2376 506 2450 peperisse
529 2376 666 2436 videtur.
690 2377 805 2436 Astius
829 2378 868 2438 oi.
892 2378 1129 2455 separaremus,
1151 2379 1248 2453 male,

72 2488 410 2563 cneocaesaream
431 2488 592 2562 significat
614 2489 686 2563 „qui
705 2490 949 2551 instituerunt.”
971 2491 1122 2550 Fortasse
1145 2489 1247 2563 legen·

10 2672 18 2704 Ι
75 2603 154 2663 dum
184 2605 236 2664 est
266 2602 345 2674 τίνος
370 2600 406 2679 δὴ
431 2618 487 2676 pro
510 2602 590 2673 τίνος
614 2599 654 2660 δέ.
678 2599 724 2678 Al,
749 2604 799 2662 est
822 2603 983 2678 mirantis,
1007 2605 1163 2675 utsupra
1186 2609 1248 2671 τῶς

10 2713 18 2743 “
79 2714 134 2793 ap
156 2707 176 2800 ΙΙ
201 2717 347 2778 Editores
377 2717 432 2789 qui
463 2708 535 2776 Pari
566 2717 595 2774 A
622 2716 849 2776 auctoritatem
874 2715 978 2775 secuti
1001 2710 1039 2772 liv
1061 2715 1135 2788 post
1157 2718 1249 2789 μαλα-

75 2829 203 2911 κώτερον
222 2831 412 2907 omiserunt,
432 2833 506 2905 post
526 2828 585 2908 ἔχοι
605 2830 695 2905 φύσις
714 2845 842 2889 comma
854 2829 1040 2902 posuerunt.
1056 2828 1130 2888 Sine
1142 2843 1249 2889 neces·

75 2946 174 3006 sitate
204 2945 319 3005 Astius
347 2945 386 3005 oi.
412 2944 474 3003 δεῖν
506 2940 538 3001 δέ
568 2937 598 3021 χ’
632 2940 754 3018 ἔφαμεν.
782 2942 941 3002 Praesens
972 2941 1053 3001 bene
1085 2942 1250 3020 sehabet,
1326 2969 1329 2975 ·

75 3059 152 3133 quia
173 3058 241 3119 iam
264 3061 340 3119 ante
365 3054 441 3135 (375
455 3055 489 3133 0)
515 3036 751 3117 constituerant
774 3055 888 3132 φύλακι
911 3071 991 3129 opus
1015 3070 1088 3115 esse
1113 3057 1251 3129 utraque

75 3174 137 3233 lrac
160 3172 288 3232 natura.

10 3310 12 3315 ·
66 3365 69 3368 ἦ
117 3286 194 3345 Iure
219 3283 357 3345 Oobetus
376 3284 487 3344 delens
507 3284 605 3344 verba
624 3278 674 3340 καλ
693 3285 828 3358 καταχεῖν
848 3280 984 3339 Heusdii
1004 3282 1063 3340 cim
1082 3284 1252 3339 καταντλεῖν

74 3397 233 3474 probavit,
264 3412 340 3458 cum
370 3397 403 3457 in
436 3397 567 3470 vulgata
598 3397 679 3455 duae
706 3395 866 3467 imagines
890 3395 1034 3454 contorte
1059 3395 1091 3454 et
1119 3393 1252 3454 ridicule

75 3511 201 3572 mixtae
231 3511 307 3572 sint.
339 3511 363 3570 ll
391 3508 601 3584 sequentibus
626 3506 698 3566 ὅταν
723 3500 752 3564 δ’
768 3503 890 3584 ἐπιχέων
913 3503 954 3583 μὴ
979 3503 1060 3589 ἀνίῃ,
1082 3502 1155 3564 ἀλλὰ
1178 3504 1253 3588 varjip

75 3622 180 3687 lucide
211 3625 301 3697 patet
331 3626 487 3681 καταυλεῖν
518 3639 537 3682 a
569 3621 702 3681 Platone
732 3620 829 3679 scribi
856 3634 920 3679 non
944 3619 1098 3695 potuisse,
1123 3635 1198 3680 cum
1222 3616 1254 3678 τὸ

78 3737 177 3816 κήλειν
201 3736 296 3808 (quod
315 3736 403 3796 idem
424 3736 475 3795 est
496 3750 533 3794 ac
552 3732 585 3793 τὸ
604 3736 771 3802 καταυλεῖν)
792 3732 927 3791 noxium
947 3732 1001 3808 sit,
1013 3748 1077 3792 non
1090 3730 1121 3791 τὸ
1134 3731 1255 3811 μετρίας

75 3852 255 3912 καταπλεῖν.
281 3851 432 3911 Fortasse
456 3851 567 3908 tamen
591 3850 761 3906 κατακαλεῖν
785 3846 867 3915 (coll.
894 3846 957 3906 344
982 3847 1019 3922 l),
1034 3847 1118 3920 'Lys
1141 3846 1254 3916 2041))

72 3961 161 4026 insto
194 3964 325 4037 gravius
358 3965 418 4038 est,
450 3962 559 4034 itaque
592 3963 727 4038 καταχεῖν
759 3961 807 4030 (ut
834 3974 884 4034 ap.
908 3960 1039 4020 Lucian.
1063 3960 1199 4018 lcarom.
1225 3960 1255 4029 5)

69 4076 264 4153 genuinum,
286 4076 343 4136 sed
362 4078 519 4134 καταυλεῖν
539 4075 704 4148 glossema
723 4075 774 4134 est
788 4073 949 4142 (videntur
962 4072 1080 4132 saltem
1093 4071 1255 4132 Plutarch.
1288 4050 1292 4057 ¹

68 4188 104 4254 II
143 4207 173 4266 p.
210 4191 272 4250 713
304 4190 333 4249 A
365 4190 398 4249 et
429 4188 587 4249 Themist.
621 4187 673 4247 Or.
700 4188 740 4245 22
765 4202 795 4260 p.
821 4186 884 4245 265
910 4184 935 4243 Β
959 4188 1093 4262 καταχεῖν
1117 4185 1256 4257 legisse).

71 4303 125 4368 De
150 4304 259 4365 Verbis
282 4300 332 4362 διὰ
355 4311 413 4362 τῶν
438 4300 520 4362 ὤτων
541 4301 637 4379 ὥσπερ
660 4297 721 4371 [διὰ
741 4300 821 4369 dole]
844 4297 940 4376 χώνης
960 4297 1000 4358 cf.
1013 4298 1112 4358 Arist.
1126 4298 1256 4359 Thesm.

76 4421 123 4481 18
157 4416 244 4494 δίκην
275 4412 307 4476 δὲ
338 4415 448 4494 χοάνης
472 4407 530 4474 ὦτα
554 4411 754 4490 διετετρήνατο
778 4413 810 4470 si
834 4411 889 4470 Ed.
915 4411 1074 4470 Hillerum
1098 4412 1131 4470 in
1151 4411 1257 4472 Fleck.

12 4494 52 4570 Β
82 4532 157 4594 reu.
185 4532 269 4591 1874
293 4546 323 4605 p.
351 4530 413 4589 173
438 4543 485 4600 sq.
512 4543 570 4601 „zu
593 4523 986 4598 aristopn.unar1at0.”
1008 4523 1217 4600 negetura.
1241 4516 1255 4603 χ
