3000 5018
644 267 706 326 133

90 464 201 509 corum
234 451 322 511 codd.
354 448 400 528 (in
429 451 546 524 quibus
578 451 649 511 Par.
681 447 721 526 A)
754 450 827 511 lect.
859 447 987 522 <καδ>
1014 449 1151 530 καθαρὸν
1175 452 1262 525 prob.

89 561 202 622 Stallb.
236 560 347 641 (1850)
378 564 488 624 Herm.
521 564 603 624 Bait.
637 563 810 638 qampbell.
838 563 915 622 Mihi
937 565 1027 624 locus
1050 564 1263 638 interpolatus

89 675 218 735 videtur
237 679 270 736 et
290 677 388 737 verba
407 674 457 735 καὶ
476 675 516 753 μα)
536 674 690 735 ἀπατεῶνα
710 671 795 752 ἡμῶν
815 677 964 737 insiticia.
985 678 1113 737 Etenim
1134 680 1263 751 propter

89 788 188 849 verba
219 788 316 869 ὥσπερ
348 788 445 866 φόνον
476 791 516 850 ad
548 787 672 866 ἀφίεμεν
703 792 813 850 mente
842 774 1057 864 supplendum
1082 792 1133 850 est
1155 790 1262 850 τούτου

86 902 107 962 i.
141 918 167 962 e.
192 911 245 962 τοῦ
268 900 384 961 ἀπατᾶν
408 899 486 980 ἡμᾶς
509 913 548 985 τῷ
571 901 658 987 λόγῳ,
680 904 789 976 itaque
813 904 911 964 verba
934 901 974 979 μὴ
999 901 1155 962 ἀπατεῶνα
1178 899 1263 980 ἡμῶν

84 1017 159 1088 post
178 989 316 1094 καθαρδν
336 1008 411 1074 εἶναι
431 1017 524 1090 plane
544 1016 671 1088 frigent.
695 1016 781 1076 Num
801 1017 874 1090 quis
895 1031 1038 1089 unquam
1059 1017 1140 1076 dixit
1153 1013 1265 1093 ἀφίημί

86 1143 119 1186 σε
149 1126 248 1204 φόνου
280 1127 376 1207 (ὥστε)
407 1128 544 1208 καθαρὸν
576 1121 652 1188 εἶναι
681 1125 745 1187 καὶ
773 1126 821 1207 μυ)
845 1125 996 1204 proved?
1019 1129 1175 1203 Equidem
1199 1145 1263 1189 non

85 1242 180 1302 credo
214 1257 317 1316 neque
353 1243 463 1317 opinor
493 1244 539 1302 tu.
572 1242 656 1302 Illud
689 1240 740 1301 καὶ
771 1245 846 1304 ante
877 1240 1015 1321 καθαρὸν
1046 1243 1263 1316 dittographia

87 1356 203 1415 natum
235 1357 295 1416 est.
328 1356 506 1431 Quominus
529 1355 626 1416 verba
650 1355 747 1435 ὥσπερ
771 1355 869 1430 φόνου
895 1373 969 1417 cum
996 1354 1133 1435 καθαρὸν
1149 1351 1171 1433 1)
1195 1357 1262 1415 iun·
1362 1418 1364 1422 ,

85 1482 205 1540 gamus
237 1465 286 1545 (ut
309 1469 482 1530 Schneider
504 1471 610 1530 suasit
624 1465 670 1546 ²))
694 1470 863 1543 prohibent
885 1485 949 1530 non
975 1472 1070 1530 modo
1094 1471 1263 1542 sequentia

84 1579 222 1660 καθαρός
252 1602 284 1661 γε
314 1579 364 1640 καὶ
391 1579 454 1642 ἐκεῖ
473 1579 488 1641 δ
513 1580 647 1660 ἀφεθείς,
669 1584 726 1643 sed
749 1583 850 1643 etiam
872 1582 934 1642 loci
957 1582 1054 1641 huius
1077 1583 1263 1642 consimiles

86 1709 139 1755 ex·
172 1709 218 1767 gr.
250 1696 346 1769 Legg.
379 1697 485 1757 869A
516 1693 568 1755 ἐὰν
601 1693 616 1755 ὁ
645 1695 879 1772 τελευτήσας...
910 1693 961 1755 τὸν
991 1693 1140 1773 δράσαντα
1164 1692 1261 1769 φόνου

86 1803 164 1890 ἀφιῇ
185 1805 316 1885 (ibidem
336 1809 369 1868 in
388 1807 407 1884 ξ
428 1809 453 1868 D
473 1806 539 1886 περὶ
558 1816 610 1886 τῆς
629 1805 761 1884 ἀφέσεως
781 1807 892 1886 εἴρηται
904 1805 1015 1885 φόνου)
1028 1804 1261 1885 ἓκών,καθοίιιερ

87 1920 119 1980 οἱ
139 1919 191 1981 τὸν
214 1918 357 1982 ἀκούσιον
380 1921 477 1996 φόνον
496 1919 720 2001 ἐξεργασάμενοι
730 1967 800 1980 .....
820 1919 956 1999 καθαρὸς
976 1918 1056 1979 ἕστοο.
1080 1953 1124 1961 -
1143 1920 1214 1978 Vam
1236 1920 1261 1979 L

87 2033 164 2105 εἰκὸς
189 2031 221 2094 δέ
241 2038 295 2114 [γε]
317 2035 431 2094 Astius
450 2037 537 2096 recte
556 2036 693 2109 recepit;
714 2035 787 2095 vide
807 2036 846 2095 de
867 2035 926 2094 tali
945 2050 1007 2094 usu
1028 2033 1262 2094 coniunctionis

42 2151 63 2219 q
87 2143 119 2206 δὲ
149 2148 236 2208 dicta
263 2148 302 2207 ad
328 2149 390 2207 332
404 2149 440 2208 B.
466 2139 485 2231 ΙΙ
509 2149 608 2209 Recte
633 2149 742 2222 Steph.
767 2150 799 2207 et
822 2148 884 2206 Ast
907 2147 978 2205 vam
1002 2147 1025 2205 L
1049 2143 1120 2223 μετὰ
1143 2144 1258 2220 <ιὸ>

18 2322 21 2329 ,
88 2258 225 2340 ἀνδρεῖον
257 2259 282 2319 δ.
314 2264 514 2338 receperunt,
538 2262 618 2322 item
644 2261 781 2322 Oobetus
806 2258 895 2339 (nota
918 2259 993 2337 ms.)
1017 2257 1172 2338 τάνδρεῖον
1196 2276 1260 2320 cor-

87 2376 210 2450 rigens;
242 2377 414 2449 postquam
446 2377 479 2435 in
511 2377 886 2435 ΜΕΤΑΤΑΝΔΡΕΙΟΝ
913 2374 1038 2448 syllaba
1072 2378 1125 2432 TA
1155 2375 1259 2448 haplo·

86 2489 218 2563 graphia
241 2489 415 2565 exciderat,
436 2484 496 2566 μετ’
519 2490 642 2551 factum
663 2491 714 2549 est
735 2488 813 2566 μενά.
834 2490 872 2550 R.
893 2490 1022 2549 Forster
1043 2486 1135 2565 (Mus.
1157 2488 1259 2547 Rhen.

88 2603 173 2662 1875
208 2605 242 2662 et
278 2599 375 2679 1880)
407 2603 577 2663 Platonem
608 2604 687 2663 haec
720 2603 915 2663 scribentem
947 2602 1120 2675 Sophronis
1151 2600 1259 2676 μίμους
1344 2662 1347 2666 ,

16 2764 19 2769 ,
85 2713 241 2795 ἀνδρείους
275 2713 325 2774 καὶ
353 2716 540 2794 γυναικείους
564 2697 746 2791 respexisse
769 2733 833 2777 non
857 2717 964 2790 inepte
988 2714 1173 2788 suspicatus
1198 2714 1259 2786 est,

83 2845 159 2890 cum
183 2830 236 2889 hic
258 2845 324 2890 voc.
345 2829 442 2909 δρᾶμα
462 2830 524 2890 alio
544 2845 643 2891 sensu
656 2845 754 2904 quarn
767 2826 802 2888 in
813 2831 944 2888 Theaet.
960 2828 1023 2886 150
1035 2828 1063 2885 A
1076 2826 1255 2886 adhibitum

25 2938 59 3006 Ι)
84 2944 137 3004 sit.
161 2935 182 3027 ΙΙ
206 2943 298 3003 Unus
318 2946 386 3004 cod.
407 2959 481 3004 cum
499 2943 619 3003 Galeno
631 2944 736 3003 exhib.
754 2943 857 3014 (ταῖς
869 2936 965 3018 μὲν)
980 2936 1019 3010 ὡς
1031 2935 1256 3016 ἀσθενεστέραις

81 3057 292 3131 probantibus
317 3058 409 3117 Aetio
433 3059 466 3118 et
491 3056 608 3118 Stallb⁰
631 3053 754 3133 (1829),
778 3058 875 3131 male,
900 3055 975 3128 quia
994 3053 1034 3114 ad
1053 3061 1140 3135 κοινῇ
1160 3051 1257 3110 πάντα

82 3172 194 3231 mente
225 3172 437 3246 supplendum
470 3174 521 3233 est
551 3169 602 3244 νδις
632 3170 770 3247 evictam
800 3170 839 3230 cf.
864 3171 947 3229 inira
971 3168 1034 3228 456
1048 3168 1076 3226 A
1100 3165 1178 3242 clip
1202 3165 1256 3225 δσα

82 3282 141 3362 (sc.
162 3279 180 3360 ἡ
201 3279 267 3361 μὲν)
288 3281 493 3363 ἀσθενεστέρα,
511 3280 530 3361 ν)
552 3281 583 3343 δὲ
602 3289 660 3359 καί,
683 3284 738 3343 ubi
758 3283 909 3342 similiter
929 3280 1069 3341 Galenus
1085 3274 1145 3355 (ἡ
1158 3274 1253 3355 plo>

82 3396 225 3472 praebet.
248 3431 287 3441 —
308 3398 378 3459 Non
397 3414 530 3460 necesse
552 3398 634 3475 (coll.
657 3398 750 3470 Legg.
770 3397 834 3456 906
847 3393 884 3471 Β)
898 3397 949 3454 est
962 3394 1119 3467 corrigere
1131 3395 1258 3467 φυλακι-

82 3518 145 3569 κῶν
169 3507 294 3587 (κυνῶν)
319 3526 375 3585 pro
395 3511 548 3588 φυλάκων,
565 3512 627 3572 etsi
647 3511 767 3571 Graece
786 3510 849 3570 dici
869 3509 952 3568 solet
971 3507 1052 3566 κύων
1072 3503 1258 3584 θηρευτικάς,

83 3639 148 3683 non
178 3622 335 3701 θηρευτής.
369 3622 483 3684 Oonfer
505 3627 672 3699 praeterea
694 3624 873 3684 locutiones
897 3617 1002 3698 ἄνδρες
1026 3619 1166 3695 φύλακες,
1189 3626 1257 3694 νῆες

10 3717 49 3792 Ε
85 3735 246 3811 φυλακίδες
280 3738 314 3796 et
344 3739 377 3797 in
412 3738 517 3797 401A
545 3737 638 3807 κύνας
670 3733 847 3813 ἐπικούρους
878 3732 1032 3809 ποιμνίων.
1059 3723 1078 3815 Η
1102 3732 1258 3792 Voculam
1327 3731 1332 3744 ’

83 3846 132 3907 καὶ
163 3851 238 3916 ante
271 3846 424 3909 διδακτέον
455 3849 566 3910 omisit
597 3850 667 3909 Par.
699 3840 750 3924 ΑΙ,
782 3849 839 3908 sed
869 3844 918 3905 καὶ
949 3849 1024 3906 ante
1047 3849 1107 3915 τοῖς
1132 3842 1259 3923 ἀνδράσι

83 3955 311 4023 uouom.A1.

10 4055 52 4133 Α
126 4075 210 4135 Illud
233 4095 262 4133 τε
286 4077 359 4150 post
382 4073 504 4147 ἐκείνοις
528 4077 561 4136 in
585 4075 804 4150 compluribus
828 4074 916 4135 codd.
940 4073 1032 4132 abest
1055 4086 1180 4131 necnon
1207 4086 1257 4144 ap.

117 4290 136 4357 ¹)
153 4295 199 4340 Vol
223 4295 260 4341 sic
282 4296 361 4342 verba
383 4298 421 4342 nal
445 4297 476 4355 μὴ
498 4298 621 4343 ἀπατεῶνα
646 4301 709 4356 ἡμῶν
726 4297 829 4354 frigent,
846 4295 906 4352 quia
923 4296 1007 4339 τούτου
1024 4295 1080 4339 turn
1099 4292 1132 4339 ed
1150 4291 1259 4356 καθαρὸν

83 4367 140 4420 olvat
157 4376 243 4420 mente
261 4375 434 4434 supplendum
453 4378 500 4422 est.

116 4449 136 4517 “’“)
159 4454 248 4512 Neque
272 4454 503 4514 aliterdampbell
525 4439 614 4501 vertit:
639 4454 683 4500 We
705 4453 793 4511 aequit
814 4466 864 4511 you
888 4452 952 4498 both
976 4465 1004 4497 as
1026 4453 1143 4509 guiltlees
1166 4450 1195 4497 oi
1211 4461 1257 4496 our

83 4532 168 4590 blood,
186 4546 215 4580 eo
233 4536 259 4579 to
278 4546 333 4592 say,
350 4532 401 4578 and
419 4547 447 4581 ιι
465 4537 511 4580 not
526 4547 573 4581 our
592 4534 717 4581 deceiver.
