<?xml version="1.0" encoding="UTF-8"?>
<!DOCTYPE html PUBLIC "-//W3C//DTD XHTML 1.0 Transitional//EN"
    "http://www.w3.org/TR/xhtml1/DTD/xhtml1-transitional.dtd">
<html xmlns="http://www.w3.org/1999/xhtml" xml:lang="en" lang="en">
 <head>
  <title>
</title>
<meta http-equiv="Content-Type" content="text/html;charset=utf-8" />
  <meta name='ocr-system' content='tesseract 3.04.00' />
  <meta name='ocr-capabilities' content='ocr_page ocr_carea ocr_par ocr_line ocrx_word'/>
</head>
<body>
  <div class='ocr_page' id='page_1' title='image "./notaecriticaead00hartgoog_0033.png"; bbox 0 0 3000 5018; ppageno 0'>
   <div class='ocr_carea' id='block_1_1' title="bbox 846 268 885 325">
    <p class='ocr_par' dir='ltr' id='par_1_1' title="bbox 846 268 885 325">
     <span class='ocr_line' id='line_1_1' title="bbox 846 268 885 325; baseline 0 0"><span class='ocrx_word' id='word_1_1' title='bbox 846 268 885 325; x_wconf 82' lang='lat'>12</span> 
     </span>
    </p>
   </div>
   <div class='ocr_carea' id='block_1_2' title="bbox 137 448 1465 3477">
    <p class='ocr_par' dir='ltr' id='par_1_2' title="bbox 281 448 1462 867">
     <span class='ocr_line' id='line_1_2' title="bbox 281 448 1461 531; baseline 0.002 -21"><span class='ocrx_word' id='word_1_2' title='bbox 281 474 312 531; x_wconf 78' lang='grc' dir='ltr'>με</span> <span class='ocrx_word' id='word_1_3' title='bbox 332 455 405 528; x_wconf 87' lang='lat' dir='ltr'>post</span> <span class='ocrx_word' id='word_1_4' title='bbox 426 451 495 511; x_wconf 81' lang='grc' dir='ltr'><strong><em>ὅσον</em></strong></span> <span class='ocrx_word' id='word_1_5' title='bbox 516 453 738 525; x_wconf 89' lang='lat' dir='ltr'>transponenti</span> <span class='ocrx_word' id='word_1_6' title='bbox 758 455 794 510; x_wconf 85' lang='lat' dir='ltr'>ut</span> <span class='ocrx_word' id='word_1_7' title='bbox 814 455 891 511; x_wconf 91' lang='lat' dir='ltr'>nota</span> <span class='ocrx_word' id='word_1_8' title='bbox 904 454 1067 511; x_wconf 75' lang='lat' dir='ltr'>structura</span> <span class='ocrx_word' id='word_1_9' title='bbox 1084 449 1119 510; x_wconf 84' lang='grc' dir='ltr'>οὐ</span> <span class='ocrx_word' id='word_1_10' title='bbox 1133 448 1286 528; x_wconf 84' lang='grc' dir='ltr'><strong><em>μέντοι-</em></strong></span> <span class='ocrx_word' id='word_1_11' title='bbox 1300 473 1333 530; x_wconf 79' lang='grc' dir='ltr'>γε</span> <span class='ocrx_word' id='word_1_12' title='bbox 1348 452 1461 521; x_wconf 83' lang='lat' dir='ltr'>(verbo</span> 
     </span>
     <span class='ocr_line' id='line_1_3' title="bbox 282 555 1462 640; baseline 0.002 -16"><span class='ocrx_word' id='word_1_13' title='bbox 282 566 480 640; x_wconf 82' lang='lat' dir='ltr'>interposito)</span> <span class='ocrx_word' id='word_1_14' title='bbox 522 566 614 625; x_wconf 88' lang='lat' dir='ltr'>salva</span> <span class='ocrx_word' id='word_1_15' title='bbox 650 567 810 640; x_wconf 90' lang='lat' dir='ltr'>evaderet,</span> <span class='ocrx_word' id='word_1_16' title='bbox 846 555 1135 639; x_wconf 90' lang='lat' dir='ltr'>obtemperandum</span> <span class='ocrx_word' id='word_1_17' title='bbox 1170 568 1230 626; x_wconf 87' lang='lat' dir='ltr'>est.</span> <span class='ocrx_word' id='word_1_18' title='bbox 1273 567 1462 640; x_wconf 85' lang='lat' dir='ltr'>Postquam</span> 
     </span>
     <span class='ocr_line' id='line_1_4' title="bbox 282 674 1461 757; baseline 0.002 -19"><span class='ocrx_word' id='word_1_19' title='bbox 282 674 310 755; x_wconf 81' lang='grc' dir='ltr'>γ’</span> <span class='ocrx_word' id='word_1_20' title='bbox 344 681 418 752; x_wconf 89' lang='lat' dir='ltr'>post</span> <span class='ocrx_word' id='word_1_21' title='bbox 448 677 518 737; x_wconf 84' lang='grc' dir='ltr'><strong><em>ὅσον</em></strong></span> <span class='ocrx_word' id='word_1_22' title='bbox 546 679 722 754; x_wconf 91' lang='lat' dir='ltr'>interierat,</span> <span class='ocrx_word' id='word_1_23' title='bbox 746 680 904 739; x_wconf 90' lang='lat' dir='ltr'>corrector</span> <span class='ocrx_word' id='word_1_24' title='bbox 927 680 1057 751; x_wconf 87' lang='lat' dir='ltr'>quidam</span> <span class='ocrx_word' id='word_1_25' title='bbox 1082 699 1114 757; x_wconf 79' lang='grc' dir='ltr'>με</span> <span class='ocrx_word' id='word_1_26' title='bbox 1137 679 1169 738; x_wconf 93' lang='lat' dir='ltr'>in</span> <span class='ocrx_word' id='word_1_27' title='bbox 1193 679 1318 739; x_wconf 90' lang='lat' dir='ltr'>malam</span> <span class='ocrx_word' id='word_1_28' title='bbox 1342 679 1461 740; x_wconf 85' lang='lat' dir='ltr'>sedem</span> 
     </span>
     <span class='ocr_line' id='line_1_5' title="bbox 283 793 434 867; baseline -0.007 -16"><span class='ocrx_word' id='word_1_29' title='bbox 283 793 434 867; x_wconf 82' lang='lat' dir='ltr'>reposuit.</span> 
     </span>
    </p>

    <p class='ocr_par' dir='ltr' id='par_1_3' title="bbox 137 896 1465 3253">
     <span class='ocr_line' id='line_1_6' title="bbox 137 896 1462 983; baseline 0.006 -23"><span class='ocrx_word' id='word_1_30' title='bbox 137 902 200 962; x_wconf 83' lang='lat'>330</span> <span class='ocrx_word' id='word_1_31' title='bbox 230 896 260 963; x_wconf 80' lang='lat' dir='ltr'>l</span> <span class='ocrx_word' id='word_1_32' title='bbox 329 906 456 980; x_wconf 92' lang='lat' dir='ltr'>Optime</span> <span class='ocrx_word' id='word_1_33' title='bbox 488 906 548 964; x_wconf 84' lang='lat' dir='ltr'>Ast</span> <span class='ocrx_word' id='word_1_34' title='bbox 579 907 687 975; x_wconf 81' lang='lat'>(1814)</span> <span class='ocrx_word' id='word_1_35' title='bbox 719 907 826 966; x_wconf 78' lang='lat' dir='ltr'>Attice</span> <span class='ocrx_word' id='word_1_36' title='bbox 855 905 1027 983; x_wconf 74' lang='grc' dir='ltr'><em>εὐδοκιμοίη</em></span> <span class='ocrx_word' id='word_1_37' title='bbox 1055 907 1229 982; x_wconf 84' lang='lat' dir='ltr'>rescripsit,</span> <span class='ocrx_word' id='word_1_38' title='bbox 1254 908 1289 967; x_wconf 90' lang='lat' dir='ltr'>at</span> <span class='ocrx_word' id='word_1_39' title='bbox 1313 907 1462 968; x_wconf 82' lang='lat' dir='ltr'>editores</span> 
     </span>
     <span class='ocr_line' id='line_1_7' title="bbox 280 1020 1461 1094; baseline 0 -15"><span class='ocrx_word' id='word_1_40' title='bbox 280 1035 343 1079; x_wconf 92' lang='lat' dir='ltr'>non</span> <span class='ocrx_word' id='word_1_41' title='bbox 375 1020 608 1094; x_wconf 89' lang='lat' dir='ltr'>obtemperant,</span> <span class='ocrx_word' id='word_1_42' title='bbox 640 1035 838 1093; x_wconf 87' lang='lat' dir='ltr'>quamquam</span> <span class='ocrx_word' id='word_1_43' title='bbox 871 1021 966 1080; x_wconf 90' lang='lat' dir='ltr'>multi</span> <span class='ocrx_word' id='word_1_44' title='bbox 996 1021 1141 1080; x_wconf 89' lang='lat' dir='ltr'>Platonis</span> <span class='ocrx_word' id='word_1_45' title='bbox 1166 1021 1292 1081; x_wconf 88' lang='lat' dir='ltr'>codices</span> <span class='ocrx_word' id='word_1_46' title='bbox 1316 1021 1407 1090; x_wconf 82' lang='lat' dir='ltr'>(Par.</span> <span class='ocrx_word' id='word_1_47' title='bbox 1433 1022 1461 1080; x_wconf 87' lang='lat' dir='ltr'>A</span> 
     </span>
     <span class='ocr_line' id='line_1_8' title="bbox 280 1131 1462 1207; baseline 0.001 -16"><span class='ocrx_word' id='word_1_48' title='bbox 280 1133 332 1192; x_wconf 91' lang='lat' dir='ltr'>hic</span> <span class='ocrx_word' id='word_1_49' title='bbox 351 1133 426 1201; x_wconf 84' lang='lat' dir='ltr'>illic)</span> <span class='ocrx_word' id='word_1_50' title='bbox 446 1131 586 1193; x_wconf 81' lang='lat' dir='ltr'>formam</span> <span class='ocrx_word' id='word_1_51' title='bbox 599 1135 743 1193; x_wconf 85' lang='lat' dir='ltr'>Atticam</span> <span class='ocrx_word' id='word_1_52' title='bbox 757 1136 937 1193; x_wconf 89' lang='lat' dir='ltr'>servarunt.</span> <span class='ocrx_word' id='word_1_53' title='bbox 952 1133 1076 1205; x_wconf 85' lang='lat' dir='ltr'>Ubique</span> <span class='ocrx_word' id='word_1_54' title='bbox 1089 1133 1214 1194; x_wconf 91' lang='lat' dir='ltr'>Platoni</span> <span class='ocrx_word' id='word_1_55' title='bbox 1231 1133 1462 1207; x_wconf 87' lang='lat' dir='ltr'>optativorum</span> 
     </span>
     <span class='ocr_line' id='line_1_9' title="bbox 279 1244 1465 1327; baseline 0 -22"><span class='ocrx_word' id='word_1_56' title='bbox 279 1245 402 1305; x_wconf 80' lang='lat' dir='ltr'>formae</span> <span class='ocrx_word' id='word_1_57' title='bbox 429 1244 512 1321; x_wconf 86' lang='grc' dir='ltr'><strong><em>-οίην</em></strong></span> <span class='ocrx_word' id='word_1_58' title='bbox 540 1248 572 1305; x_wconf 91' lang='lat' dir='ltr'>et</span> <span class='ocrx_word' id='word_1_59' title='bbox 595 1244 672 1327; x_wconf 80' lang='grc' dir='ltr'><strong><em>-ῴην</em></strong></span> <span class='ocrx_word' id='word_1_60' title='bbox 696 1246 875 1306; x_wconf 85' lang='lat' dir='ltr'>reddendae</span> <span class='ocrx_word' id='word_1_61' title='bbox 898 1249 975 1306; x_wconf 88' lang='lat' dir='ltr'>sunt</span> <span class='ocrx_word' id='word_1_62' title='bbox 998 1249 1166 1320; x_wconf 89' lang='lat' dir='ltr'>propterea</span> <span class='ocrx_word' id='word_1_63' title='bbox 1189 1247 1273 1319; x_wconf 92' lang='lat' dir='ltr'>quod</span> <span class='ocrx_word' id='word_1_64' title='bbox 1298 1245 1465 1306; x_wconf 81' lang='grc' dir='ltr'><em>ΑΤΤΙΟΕ</em></span> 
     </span>
     <span class='ocr_line' id='line_1_10' title="bbox 279 1356 1463 1435; baseline 0.001 -18"><span class='ocrx_word' id='word_1_65' title='bbox 279 1358 370 1418; x_wconf 91' lang='lat' dir='ltr'>Plato</span> <span class='ocrx_word' id='word_1_66' title='bbox 403 1359 541 1432; x_wconf 86' lang='lat' dir='ltr'>scripsit.</span> <span class='ocrx_word' id='word_1_67' title='bbox 575 1360 671 1418; x_wconf 82' lang='lat' dir='ltr'>-&#39;In</span> <span class='ocrx_word' id='word_1_68' title='bbox 702 1356 803 1432; x_wconf 79' lang='lat' dir='ltr'>§ult</span> <span class='ocrx_word' id='word_1_69' title='bbox 837 1359 982 1420; x_wconf 82' lang='lat' dir='ltr'>Schneid.</span> <span class='ocrx_word' id='word_1_70' title='bbox 1015 1360 1125 1420; x_wconf 88' lang='lat' dir='ltr'>Herm.</span> <span class='ocrx_word' id='word_1_71' title='bbox 1151 1360 1234 1420; x_wconf 82' lang='lat' dir='ltr'>Bait.</span> <span class='ocrx_word' id='word_1_72' title='bbox 1260 1359 1401 1435; x_wconf 78' lang='lat' dir='ltr'>Gampb.</span> <span class='ocrx_word' id='word_1_73' title='bbox 1427 1357 1463 1418; x_wconf 83' lang='grc' dir='ltr'>τὰ</span> 
     </span>
     <span class='ocr_line' id='line_1_11' title="bbox 278 1467 1461 1547; baseline 0.003 -19"><span class='ocrx_word' id='word_1_74' title='bbox 278 1467 355 1530; x_wconf 81' lang='grc' dir='ltr'><strong><em>πλέω</em></strong></span> <span class='ocrx_word' id='word_1_75' title='bbox 379 1471 585 1546; x_wconf 88' lang='lat' dir='ltr'>scripserunt,</span> <span class='ocrx_word' id='word_1_76' title='bbox 610 1473 694 1532; x_wconf 91' lang='lat' dir='ltr'>sicut</span> <span class='ocrx_word' id='word_1_77' title='bbox 717 1488 766 1547; x_wconf 91' lang='lat' dir='ltr'>ap.</span> <span class='ocrx_word' id='word_1_78' title='bbox 792 1473 917 1533; x_wconf 84' lang='lat' dir='ltr'>Atticos</span> <span class='ocrx_word' id='word_1_79' title='bbox 940 1474 1114 1547; x_wconf 87' lang='lat' dir='ltr'>singularis</span> <span class='ocrx_word' id='word_1_80' title='bbox 1137 1476 1242 1533; x_wconf 90' lang='lat' dir='ltr'>ueutr.</span> <span class='ocrx_word' id='word_1_81' title='bbox 1267 1474 1338 1534; x_wconf 86' lang='lat' dir='ltr'>fere</span> <span class='ocrx_word' id='word_1_82' title='bbox 1366 1471 1461 1534; x_wconf 97' lang='grc' dir='ltr'><strong><em>πλέον</em></strong></span> 
     </span>
     <span class='ocr_line' id='line_1_12' title="bbox 279 1580 1463 1661; baseline 0.004 -18"><span class='ocrx_word' id='word_1_83' title='bbox 279 1586 339 1644; x_wconf 90' lang='lat' dir='ltr'>est.</span> <span class='ocrx_word' id='word_1_84' title='bbox 364 1585 425 1643; x_wconf 89' lang='lat' dir='ltr'>Per</span> <span class='ocrx_word' id='word_1_85' title='bbox 447 1595 473 1642; x_wconf 70' lang='grc' dir='ltr'>ῑι</span> <span class='ocrx_word' id='word_1_86' title='bbox 496 1600 545 1659; x_wconf 90' lang='lat' dir='ltr'>ap.</span> <span class='ocrx_word' id='word_1_87' title='bbox 570 1585 696 1645; x_wconf 84' lang='lat' dir='ltr'>Atticos</span> <span class='ocrx_word' id='word_1_88' title='bbox 720 1586 815 1657; x_wconf 87' lang='lat' dir='ltr'>vulgo</span> <span class='ocrx_word' id='word_1_89' title='bbox 835 1586 918 1654; x_wconf 88' lang='lat' dir='ltr'>(vide</span> <span class='ocrx_word' id='word_1_90' title='bbox 938 1580 1166 1646; x_wconf 86' lang='lat' dir='ltr'>Meisterhans²</span> <span class='ocrx_word' id='word_1_91' title='bbox 1184 1602 1214 1661; x_wconf 87' lang='lat' dir='ltr'>p.</span> <span class='ocrx_word' id='word_1_92' title='bbox 1235 1587 1308 1658; x_wconf 83' lang='grc'>120)</span> <span class='ocrx_word' id='word_1_93' title='bbox 1331 1587 1463 1648; x_wconf 85' lang='lat' dir='ltr'>formae</span> 
     </span>
     <span class='ocr_line' id='line_1_13' title="bbox 280 1698 1462 1778; baseline 0.002 -20"><span class='ocrx_word' id='word_1_94' title='bbox 280 1700 463 1759; x_wconf 89' lang='lat' dir='ltr'>contractae</span> <span class='ocrx_word' id='word_1_95' title='bbox 494 1699 677 1758; x_wconf 88' lang='lat' dir='ltr'>scribuntur</span> <span class='ocrx_word' id='word_1_96' title='bbox 708 1698 806 1769; x_wconf 84' lang='grc' dir='ltr'><strong><em>(πλείω</em></strong></span> <span class='ocrx_word' id='word_1_97' title='bbox 829 1734 869 1742; x_wconf 94' lang='lat'>-</span> <span class='ocrx_word' id='word_1_98' title='bbox 886 1716 952 1760; x_wconf 87' lang='lat' dir='ltr'>acc.</span> <span class='ocrx_word' id='word_1_99' title='bbox 977 1700 1058 1774; x_wconf 85' lang='lat' dir='ltr'>sing.</span> <span class='ocrx_word' id='word_1_100' title='bbox 1083 1703 1117 1760; x_wconf 90' lang='lat' dir='ltr'>et</span> <span class='ocrx_word' id='word_1_101' title='bbox 1140 1700 1221 1775; x_wconf 92' lang='lat' dir='ltr'>plur.</span> <span class='ocrx_word' id='word_1_102' title='bbox 1236 1733 1288 1776; x_wconf 89' lang='lat'>—,</span> <span class='ocrx_word' id='word_1_103' title='bbox 1312 1699 1462 1778; x_wconf 81' lang='grc' dir='ltr'><strong><em>πλείους),</em></strong></span> 
     </span>
     <span class='ocr_line' id='line_1_14' title="bbox 279 1810 1460 1892; baseline 0.006 -22"><span class='ocrx_word' id='word_1_104' title='bbox 279 1812 387 1885; x_wconf 87' lang='lat' dir='ltr'>itaque</span> <span class='ocrx_word' id='word_1_105' title='bbox 411 1813 439 1871; x_wconf 93' lang='lat' dir='ltr'>si</span> <span class='ocrx_word' id='word_1_106' title='bbox 461 1829 525 1872; x_wconf 87' lang='grc' dir='ltr'><strong><em>αιιο</em></strong></span> <span class='ocrx_word' id='word_1_107' title='bbox 549 1814 601 1873; x_wconf 85' lang='lat' dir='ltr'>vel</span> <span class='ocrx_word' id='word_1_108' title='bbox 625 1813 744 1874; x_wconf 82' lang='lat' dir='ltr'>duobus</span> <span class='ocrx_word' id='word_1_109' title='bbox 766 1814 844 1874; x_wconf 86' lang='lat' dir='ltr'>locis</span> <span class='ocrx_word' id='word_1_110' title='bbox 871 1814 942 1873; x_wconf 91' lang='lat' dir='ltr'>Par.</span> <span class='ocrx_word' id='word_1_111' title='bbox 968 1815 996 1872; x_wconf 87' lang='lat' dir='ltr'><strong>A</strong></span> <span class='ocrx_word' id='word_1_112' title='bbox 1019 1810 1127 1885; x_wconf 85' lang='grc' dir='ltr'><strong><em>πλέους</em></strong></span> <span class='ocrx_word' id='word_1_113' title='bbox 1150 1817 1183 1874; x_wconf 82' lang='grc' dir='ltr'>ο1</span> <span class='ocrx_word' id='word_1_114' title='bbox 1206 1810 1284 1872; x_wconf 91' lang='grc' dir='ltr'><strong><em>πλέω</em></strong></span> <span class='ocrx_word' id='word_1_115' title='bbox 1308 1815 1460 1892; x_wconf 81' lang='lat' dir='ltr'>praebet,</span> 
     </span>
     <span class='ocr_line' id='line_1_15' title="bbox 278 1927 1461 2002; baseline 0.004 -17"><span class='ocrx_word' id='word_1_116' title='bbox 278 1942 342 1985; x_wconf 90' lang='lat' dir='ltr'>non</span> <span class='ocrx_word' id='word_1_117' title='bbox 372 1927 659 2000; x_wconf 89' lang='lat' dir='ltr'>obtemperandum</span> <span class='ocrx_word' id='word_1_118' title='bbox 690 1929 750 2002; x_wconf 87' lang='lat' dir='ltr'>est,</span> <span class='ocrx_word' id='word_1_119' title='bbox 782 1943 859 1987; x_wconf 90' lang='lat' dir='ltr'>nam</span> <span class='ocrx_word' id='word_1_120' title='bbox 891 1928 923 1986; x_wconf 91' lang='lat' dir='ltr'>in</span> <span class='ocrx_word' id='word_1_121' title='bbox 947 1928 1175 2001; x_wconf 83' lang='lat' dir='ltr'>orthographia</span> <span class='ocrx_word' id='word_1_122' title='bbox 1198 1927 1353 1988; x_wconf 89' lang='lat' dir='ltr'>omnium</span> <span class='ocrx_word' id='word_1_123' title='bbox 1379 1930 1461 1990; x_wconf 88' lang='lat' dir='ltr'>codi-</span> 
     </span>
     <span class='ocr_line' id='line_1_16' title="bbox 278 2037 1459 2113; baseline 0.004 -15"><span class='ocrx_word' id='word_1_124' title='bbox 278 2055 351 2098; x_wconf 88' lang='lat' dir='ltr'>cum</span> <span class='ocrx_word' id='word_1_125' title='bbox 383 2040 558 2113; x_wconf 85' lang='lat' dir='ltr'>perexigua</span> <span class='ocrx_word' id='word_1_126' title='bbox 588 2042 639 2099; x_wconf 89' lang='lat' dir='ltr'>est</span> <span class='ocrx_word' id='word_1_127' title='bbox 665 2039 754 2099; x_wconf 86' lang='lat' dir='ltr'>fides.</span> <span class='ocrx_word' id='word_1_128' title='bbox 779 2040 878 2099; x_wconf 85' lang='lat' dir='ltr'>Recte</span> <span class='ocrx_word' id='word_1_129' title='bbox 901 2040 999 2113; x_wconf 87' lang='lat' dir='ltr'>igitur</span> <span class='ocrx_word' id='word_1_130' title='bbox 1023 2040 1143 2100; x_wconf 91' lang='lat' dir='ltr'>Wohlr.</span> <span class='ocrx_word' id='word_1_131' title='bbox 1168 2037 1203 2098; x_wconf 77' lang='grc' dir='ltr'>τὰ</span> <span class='ocrx_word' id='word_1_132' title='bbox 1226 2038 1319 2099; x_wconf 80' lang='grc' dir='ltr'><strong><em>πλείω</em></strong></span> <span class='ocrx_word' id='word_1_133' title='bbox 1346 2042 1459 2102; x_wconf 88' lang='lat' dir='ltr'>rescri-</span> 
     </span>
     <span class='ocr_line' id='line_1_17' title="bbox 279 2152 1458 2226; baseline 0.003 -15"><span class='ocrx_word' id='word_1_134' title='bbox 279 2153 352 2211; x_wconf 89' lang='lat' dir='ltr'>bere</span> <span class='ocrx_word' id='word_1_135' title='bbox 371 2168 434 2212; x_wconf 90' lang='lat' dir='ltr'>uon</span> <span class='ocrx_word' id='word_1_136' title='bbox 451 2152 682 2213; x_wconf 81' lang='lat' dir='ltr'>reformidavit.</span> <span class='ocrx_word' id='word_1_137' title='bbox 704 2153 901 2226; x_wconf 80' lang='lat' dir='ltr'>Trisyllabae</span> <span class='ocrx_word' id='word_1_138' title='bbox 920 2169 1046 2226; x_wconf 89' lang='lat' dir='ltr'>quoque</span> <span class='ocrx_word' id='word_1_139' title='bbox 1065 2153 1188 2213; x_wconf 80' lang='lat' dir='ltr'>formae</span> <span class='ocrx_word' id='word_1_140' title='bbox 1208 2168 1258 2226; x_wconf 87' lang='lat' dir='ltr'>ap.</span> <span class='ocrx_word' id='word_1_141' title='bbox 1280 2153 1458 2215; x_wconf 86' lang='lat' dir='ltr'>Platonem</span> 
     </span>
     <span class='ocr_line' id='line_1_18' title="bbox 278 2264 1459 2341; baseline 0.004 -17"><span class='ocrx_word' id='word_1_142' title='bbox 278 2280 334 2339; x_wconf 89' lang='lat' dir='ltr'>per</span> <span class='ocrx_word' id='word_1_143' title='bbox 355 2276 382 2323; x_wconf 76' lang='lat' dir='ltr'>u</span> <span class='ocrx_word' id='word_1_144' title='bbox 412 2266 493 2325; x_wconf 89' lang='lat' dir='ltr'>mihi</span> <span class='ocrx_word' id='word_1_145' title='bbox 524 2267 709 2326; x_wconf 89' lang='lat' dir='ltr'>scribendae</span> <span class='ocrx_word' id='word_1_146' title='bbox 742 2267 900 2341; x_wconf 88' lang='lat' dir='ltr'>videntur,</span> <span class='ocrx_word' id='word_1_147' title='bbox 931 2269 987 2327; x_wconf 90' lang='lat' dir='ltr'>sed</span> <span class='ocrx_word' id='word_1_148' title='bbox 1010 2264 1099 2325; x_wconf 81' lang='grc' dir='ltr'><strong><em>πλέον</em></strong></span> <span class='ocrx_word' id='word_1_149' title='bbox 1122 2267 1226 2327; x_wconf 91' lang='lat' dir='ltr'>multo</span> <span class='ocrx_word' id='word_1_150' title='bbox 1249 2266 1459 2340; x_wconf 81' lang='lat' dir='ltr'>frequentius</span> 
     </span>
     <span class='ocr_line' id='line_1_19' title="bbox 279 2378 1459 2455; baseline 0.005 -19"><span class='ocrx_word' id='word_1_151' title='bbox 279 2378 416 2438; x_wconf 89' lang='lat' dir='ltr'>occurrit</span> <span class='ocrx_word' id='word_1_152' title='bbox 436 2393 534 2450; x_wconf 88' lang='lat' dir='ltr'>quam</span> <span class='ocrx_word' id='word_1_153' title='bbox 553 2382 663 2454; x_wconf 83' lang='grc' dir='ltr'><strong><em>πλεῖον,</em></strong></span> <span class='ocrx_word' id='word_1_154' title='bbox 685 2380 731 2438; x_wconf 91' lang='lat' dir='ltr'>ita</span> <span class='ocrx_word' id='word_1_155' title='bbox 749 2381 785 2438; x_wconf 94' lang='lat' dir='ltr'>ut</span> <span class='ocrx_word' id='word_1_156' title='bbox 803 2395 867 2440; x_wconf 90' lang='lat' dir='ltr'>non</span> <span class='ocrx_word' id='word_1_157' title='bbox 888 2381 1031 2440; x_wconf 88' lang='lat' dir='ltr'>dubitem</span> <span class='ocrx_word' id='word_1_158' title='bbox 1052 2381 1128 2453; x_wconf 90' lang='lat' dir='ltr'>quin</span> <span class='ocrx_word' id='word_1_159' title='bbox 1145 2380 1264 2440; x_wconf 91' lang='lat' dir='ltr'>melius</span> <span class='ocrx_word' id='word_1_160' title='bbox 1277 2381 1325 2441; x_wconf 88' lang='lat' dir='ltr'>sit</span> <span class='ocrx_word' id='word_1_161' title='bbox 1338 2382 1459 2455; x_wconf 88' lang='lat' dir='ltr'>ubique</span> 
     </span>
     <span class='ocr_line' id='line_1_20' title="bbox 278 2488 1455 2566; baseline 0.007 -18"><span class='ocrx_word' id='word_1_162' title='bbox 278 2488 367 2549; x_wconf 81' lang='grc' dir='ltr'><strong><em>πλέον</em></strong></span> <span class='ocrx_word' id='word_1_163' title='bbox 399 2493 570 2552; x_wconf 88' lang='lat' dir='ltr'>restituere</span> <span class='ocrx_word' id='word_1_164' title='bbox 606 2494 679 2562; x_wconf 83' lang='lat' dir='ltr'>(vid.</span> <span class='ocrx_word' id='word_1_165' title='bbox 712 2493 925 2554; x_wconf 88' lang='lat' dir='ltr'>Meisterhans</span> <span class='ocrx_word' id='word_1_166' title='bbox 949 2494 969 2553; x_wconf 96' lang='lat' dir='ltr'>l.</span> <span class='ocrx_word' id='word_1_167' title='bbox 994 2494 1025 2563; x_wconf 90' lang='grc'>1.)</span> <span class='ocrx_word' id='word_1_168' title='bbox 1053 2494 1216 2553; x_wconf 90' lang='lat' dir='ltr'>-Paulo</span> <span class='ocrx_word' id='word_1_169' title='bbox 1247 2496 1325 2566; x_wconf 88' lang='lat' dir='ltr'>post</span> <span class='ocrx_word' id='word_1_170' title='bbox 1360 2496 1455 2556; x_wconf 85' lang='lat' dir='ltr'>unice</span> 
     </span>
     <span class='ocr_line' id='line_1_21' title="bbox 280 2601 1459 2684; baseline 0.006 -22"><span class='ocrx_word' id='word_1_171' title='bbox 280 2619 390 2663; x_wconf 87' lang='lat' dir='ltr'>veram</span> <span class='ocrx_word' id='word_1_172' title='bbox 421 2607 615 2679; x_wconf 86' lang='lat' dir='ltr'>scripturam</span> <span class='ocrx_word' id='word_1_173' title='bbox 646 2622 717 2666; x_wconf 90' lang='lat' dir='ltr'>esse</span> <span class='ocrx_word' id='word_1_174' title='bbox 747 2601 810 2665; x_wconf 81' lang='grc' dir='ltr'><strong><em>ποῖ’</em></strong></span> <span class='ocrx_word' id='word_1_175' title='bbox 835 2604 1038 2684; x_wconf 77' lang='grc' dir='ltr'><strong><em>ἐπεκτησάμην</em></strong></span> <span class='ocrx_word' id='word_1_176' title='bbox 1062 2611 1135 2681; x_wconf 90' lang='lat' dir='ltr'>post</span> <span class='ocrx_word' id='word_1_177' title='bbox 1159 2608 1290 2667; x_wconf 84' lang='lat' dir='ltr'>Aetium</span> <span class='ocrx_word' id='word_1_178' title='bbox 1319 2609 1384 2668; x_wconf 90' lang='lat' dir='ltr'>viri</span> <span class='ocrx_word' id='word_1_179' title='bbox 1410 2608 1459 2669; x_wconf 93' lang='lat' dir='ltr'>dd.</span> 
     </span>
     <span class='ocr_line' id='line_1_22' title="bbox 279 2720 1461 2794; baseline 0.005 -18"><span class='ocrx_word' id='word_1_180' title='bbox 279 2732 392 2777; x_wconf 85' lang='lat' dir='ltr'>omnes</span> <span class='ocrx_word' id='word_1_181' title='bbox 422 2723 656 2793; x_wconf 85' lang='lat' dir='ltr'>perspexerunt</span> <span class='ocrx_word' id='word_1_182' title='bbox 682 2722 809 2794; x_wconf 89' lang='lat' dir='ltr'>praeter</span> <span class='ocrx_word' id='word_1_183' title='bbox 833 2722 908 2780; x_wconf 90' lang='lat' dir='ltr'>clar.</span> <span class='ocrx_word' id='word_1_184' title='bbox 933 2721 1089 2781; x_wconf 87' lang='lat' dir='ltr'>Richards</span> <span class='ocrx_word' id='word_1_185' title='bbox 1113 2720 1225 2788; x_wconf 75' lang='lat' dir='ltr'>(class.</span> <span class='ocrx_word' id='word_1_186' title='bbox 1250 2720 1333 2782; x_wconf 88' lang='lat' dir='ltr'>Rev.</span> <span class='ocrx_word' id='word_1_187' title='bbox 1363 2722 1461 2791; x_wconf 85' lang='lat'><strong>1893)</strong></span> 
     </span>
     <span class='ocr_line' id='line_1_23' title="bbox 278 2827 1460 2909; baseline 0.006 -22"><span class='ocrx_word' id='word_1_188' title='bbox 278 2828 401 2908; x_wconf 81' lang='grc' dir='ltr'><strong><em>πότερον</em></strong></span> <span class='ocrx_word' id='word_1_189' title='bbox 425 2847 481 2906; x_wconf 93' lang='lat' dir='ltr'>pro</span> <span class='ocrx_word' id='word_1_190' title='bbox 504 2827 569 2891; x_wconf 85' lang='grc' dir='ltr'><strong><em>ποῖ’</em></strong></span> <span class='ocrx_word' id='word_1_191' title='bbox 595 2834 826 2894; x_wconf 75' lang='grc' dir='ltr'>οοιιὶοἰοιι1οιω.·</span> <span class='ocrx_word' id='word_1_192' title='bbox 844 2829 913 2893; x_wconf 62' lang='grc' dir='ltr'>Ποῖ</span> <span class='ocrx_word' id='word_1_193' title='bbox 942 2834 1169 2894; x_wconf 89' lang='lat' dir='ltr'>adverbialiter</span> <span class='ocrx_word' id='word_1_194' title='bbox 1189 2832 1378 2894; x_wconf 89' lang='lat' dir='ltr'>adhibitum</span> <span class='ocrx_word' id='word_1_195' title='bbox 1402 2836 1460 2909; x_wconf 88' lang='lat' dir='ltr'>est,</span> 
     </span>
     <span class='ocr_line' id='line_1_24' title="bbox 280 2945 1461 3022; baseline 0.003 -19"><span class='ocrx_word' id='word_1_196' title='bbox 280 2946 312 3003; x_wconf 89' lang='lat' dir='ltr'>et</span> <span class='ocrx_word' id='word_1_197' title='bbox 344 2945 437 3004; x_wconf 94' lang='lat' dir='ltr'>modo</span> <span class='ocrx_word' id='word_1_198' title='bbox 469 2947 516 3015; x_wconf 86' lang='lat' dir='ltr'>(ut</span> <span class='ocrx_word' id='word_1_199' title='bbox 539 2947 600 3021; x_wconf 89' lang='lat' dir='ltr'>hic,</span> <span class='ocrx_word' id='word_1_200' title='bbox 624 2946 762 3020; x_wconf 81' lang='lat' dir='ltr'>Euthyd.</span> <span class='ocrx_word' id='word_1_201' title='bbox 789 2949 849 3006; x_wconf 83' lang='grc'>291</span> <span class='ocrx_word' id='word_1_202' title='bbox 876 2950 913 3022; x_wconf 88' lang='grc' dir='ltr'>Α,</span> <span class='ocrx_word' id='word_1_203' title='bbox 939 2948 1032 3022; x_wconf 93' lang='lat' dir='ltr'>Hipp.</span> <span class='ocrx_word' id='word_1_204' title='bbox 1058 2947 1217 3007; x_wconf 67' lang='grc'>11111285</span> <span class='ocrx_word' id='word_1_205' title='bbox 1242 2947 1279 3016; x_wconf 84' lang='lat' dir='ltr'>D)</span> <span class='ocrx_word' id='word_1_206' title='bbox 1304 2946 1461 3008; x_wconf 88' lang='lat' dir='ltr'>mirantis</span> 
     </span>
     <span class='ocr_line' id='line_1_25' title="bbox 279 3057 1463 3135; baseline 0.005 -20"><span class='ocrx_word' id='word_1_207' title='bbox 279 3058 312 3115; x_wconf 90' lang='lat' dir='ltr'>et</span> <span class='ocrx_word' id='word_1_208' title='bbox 342 3057 457 3116; x_wconf 91' lang='lat' dir='ltr'>leniter</span> <span class='ocrx_word' id='word_1_209' title='bbox 487 3059 621 3117; x_wconf 87' lang='lat' dir='ltr'>ridentis</span> <span class='ocrx_word' id='word_1_210' title='bbox 654 3063 714 3135; x_wconf 89' lang='lat' dir='ltr'>est,</span> <span class='ocrx_word' id='word_1_211' title='bbox 748 3061 841 3120; x_wconf 93' lang='lat' dir='ltr'>modo</span> <span class='ocrx_word' id='word_1_212' title='bbox 865 3061 998 3121; x_wconf 89' lang='lat' dir='ltr'>acerbae</span> <span class='ocrx_word' id='word_1_213' title='bbox 1022 3061 1162 3120; x_wconf 91' lang='lat' dir='ltr'>irrisioni</span> <span class='ocrx_word' id='word_1_214' title='bbox 1185 3062 1219 3120; x_wconf 91' lang='lat' dir='ltr'>et</span> <span class='ocrx_word' id='word_1_215' title='bbox 1241 3060 1463 3134; x_wconf 83' lang='lat' dir='ltr'>indignationi</span> 
     </span>
     <span class='ocr_line' id='line_1_26' title="bbox 280 3171 1460 3253; baseline 0.005 -24"><span class='ocrx_word' id='word_1_216' title='bbox 280 3171 354 3241; x_wconf 85' lang='lat' dir='ltr'>(vid.</span> <span class='ocrx_word' id='word_1_217' title='bbox 387 3172 479 3246; x_wconf 79' lang='lat' dir='ltr'>Gorg.</span> <span class='ocrx_word' id='word_1_218' title='bbox 511 3173 577 3232; x_wconf 82' lang='lat'>490</span> <span class='ocrx_word' id='word_1_219' title='bbox 597 3174 633 3248; x_wconf 87' lang='lat' dir='ltr'>D,</span> <span class='ocrx_word' id='word_1_220' title='bbox 666 3174 774 3234; x_wconf 82' lang='grc' dir='ltr'>49οΕ</span> <span class='ocrx_word' id='word_1_221' title='bbox 804 3179 875 3233; x_wconf 83' lang='grc' dir='ltr'><strong><em>ποῖα</em></strong></span> <span class='ocrx_word' id='word_1_222' title='bbox 907 3172 1100 3251; x_wconf 71' lang='grc' dir='ltr'><strong><em>ὑποδήματος</em></strong></span> <span class='ocrx_word' id='word_1_223' title='bbox 1131 3178 1272 3253; x_wconf 84' lang='grc' dir='ltr'><strong><em>φλυαρεῖς</em></strong></span> <span class='ocrx_word' id='word_1_224' title='bbox 1304 3171 1395 3252; x_wconf 72' lang='grc' dir='ltr'><strong><em>ἔχων)</em></strong></span> <span class='ocrx_word' id='word_1_225' title='bbox 1420 3175 1460 3235; x_wconf 87' lang='grc'>111·</span> 
     </span>
    </p>

    <p class='ocr_par' dir='ltr' id='par_1_4' title="bbox 227 3279 1462 3477">
     <span class='ocr_line' id='line_1_27' title="bbox 227 3279 1461 3367; baseline 0.006 -24"><span class='ocrx_word' id='word_1_226' title='bbox 227 3291 256 3356; x_wconf 89' lang='grc' dir='ltr'><strong>Β</strong></span> <span class='ocrx_word' id='word_1_227' title='bbox 279 3285 389 3345; x_wconf 87' lang='lat' dir='ltr'>servit.</span> <span class='ocrx_word' id='word_1_228' title='bbox 415 3279 434 3367; x_wconf 79' lang='grc' dir='ltr'>ΙΙ</span> <span class='ocrx_word' id='word_1_229' title='bbox 460 3285 541 3346; x_wconf 82' lang='lat' dir='ltr'>Olar.</span> <span class='ocrx_word' id='word_1_230' title='bbox 574 3287 844 3348; x_wconf 87' lang='lat' dir='ltr'>Hemsterhusius</span> <span class='ocrx_word' id='word_1_231' title='bbox 873 3291 960 3357; x_wconf 84' lang='lat' dir='ltr'>(uota</span> <span class='ocrx_word' id='word_1_232' title='bbox 991 3289 1146 3362; x_wconf 89' lang='lat' dir='ltr'>mscripta</span> <span class='ocrx_word' id='word_1_233' title='bbox 1168 3287 1203 3346; x_wconf 90' lang='lat' dir='ltr'>in</span> <span class='ocrx_word' id='word_1_234' title='bbox 1226 3287 1332 3362; x_wconf 84' lang='lat' dir='ltr'>ipsius</span> <span class='ocrx_word' id='word_1_235' title='bbox 1356 3289 1461 3350; x_wconf 88' lang='lat' dir='ltr'>Plato·</span> 
     </span>
     <span class='ocr_line' id='line_1_28' title="bbox 280 3399 1462 3477; baseline 0.003 -20"><span class='ocrx_word' id='word_1_236' title='bbox 280 3399 330 3457; x_wconf 91' lang='lat' dir='ltr'>nis</span> <span class='ocrx_word' id='word_1_237' title='bbox 362 3401 540 3474; x_wconf 85' lang='lat' dir='ltr'>exemplari</span> <span class='ocrx_word' id='word_1_238' title='bbox 571 3400 670 3473; x_wconf 92' lang='lat' dir='ltr'>Lugd.</span> <span class='ocrx_word' id='word_1_239' title='bbox 704 3401 774 3461; x_wconf 92' lang='lat' dir='ltr'>Bat.</span> <span class='ocrx_word' id='word_1_240' title='bbox 807 3403 985 3470; x_wconf 80' lang='lat' dir='ltr'>asservato)</span> <span class='ocrx_word' id='word_1_241' title='bbox 1009 3402 1047 3461; x_wconf 92' lang='lat' dir='ltr'>ci.</span> <span class='ocrx_word' id='word_1_242' title='bbox 1072 3401 1189 3472; x_wconf 83' lang='grc' dir='ltr'><strong><em>Λυσίας</em></strong></span> <span class='ocrx_word' id='word_1_243' title='bbox 1212 3415 1269 3475; x_wconf 89' lang='lat' dir='ltr'>pro</span> <span class='ocrx_word' id='word_1_244' title='bbox 1290 3401 1462 3477; x_wconf 82' lang='grc' dir='ltr'><strong><em>Λυσανίας,</em></strong></span> 
     </span>
    </p>
   </div>
   <div class='ocr_carea' id='block_1_3' title="bbox 280 3511 1460 3646">
    <p class='ocr_par' dir='ltr' id='par_1_5' title="bbox 280 3511 1460 3646">
     <span class='ocr_line' id='line_1_29' title="bbox 280 3511 1460 3587; baseline 0.005 -17"><span class='ocrx_word' id='word_1_245' title='bbox 280 3511 366 3571; x_wconf 89' lang='lat' dir='ltr'>idem</span> <span class='ocrx_word' id='word_1_246' title='bbox 394 3512 498 3572; x_wconf 78' lang='lat' dir='ltr'>Groen</span> <span class='ocrx_word' id='word_1_247' title='bbox 522 3530 552 3573; x_wconf 92' lang='lat' dir='ltr'>v.</span> <span class='ocrx_word' id='word_1_248' title='bbox 581 3515 762 3574; x_wconf 86' lang='lat' dir='ltr'>Prineterer</span> <span class='ocrx_word' id='word_1_249' title='bbox 786 3515 884 3584; x_wconf 83' lang='lat' dir='ltr'>(Pros</span> <span class='ocrx_word' id='word_1_250' title='bbox 909 3514 1014 3586; x_wconf 75' lang='lat' dir='ltr'>Platt,</span> <span class='ocrx_word' id='word_1_251' title='bbox 1039 3529 1122 3587; x_wconf 89' lang='lat' dir='ltr'>quae</span> <span class='ocrx_word' id='word_1_252' title='bbox 1146 3524 1179 3573; x_wconf 72' lang='lat'>0³</span> <span class='ocrx_word' id='word_1_253' title='bbox 1203 3513 1324 3574; x_wconf 82' lang='lat' dir='ltr'>Stallb⁰</span> <span class='ocrx_word' id='word_1_254' title='bbox 1348 3515 1460 3586; x_wconf 80' lang='grc'>(1858)</span> 
     </span>
     <span class='ocr_line' id='line_1_30' title="bbox 1309 3616 1324 3646; baseline 0 0"><span class='ocrx_word' id='word_1_255' title='bbox 1309 3616 1324 3646; x_wconf 79' lang='lat' dir='ltr'>a</span> 
     </span>
    </p>
   </div>
   <div class='ocr_carea' id='block_1_4' title="bbox 278 3666 1460 3800">
    <p class='ocr_par' dir='ltr' id='par_1_6' title="bbox 278 3666 1460 3800">
     <span class='ocr_line' id='line_1_31' title="bbox 278 3666 1460 3743; baseline 0.004 -18"><span class='ocrx_word' id='word_1_256' title='bbox 278 3666 347 3725; x_wconf 88' lang='lat' dir='ltr'>iure</span> <span class='ocrx_word' id='word_1_257' title='bbox 381 3681 444 3727; x_wconf 93' lang='lat' dir='ltr'>non</span> <span class='ocrx_word' id='word_1_258' title='bbox 480 3668 653 3742; x_wconf 83' lang='lat' dir='ltr'>displicuit.</span> <span class='ocrx_word' id='word_1_259' title='bbox 690 3671 871 3741; x_wconf 88' lang='lat' dir='ltr'>Utrumque</span> <span class='ocrx_word' id='word_1_260' title='bbox 907 3684 1025 3728; x_wconf 91' lang='lat' dir='ltr'>nomen</span> <span class='ocrx_word' id='word_1_261' title='bbox 1057 3669 1244 3743; x_wconf 89' lang='lat' dir='ltr'>compendio</span> <span class='ocrx_word' id='word_1_262' title='bbox 1276 3673 1329 3729; x_wconf 90' lang='grc' dir='ltr'>Λο</span> <span class='ocrx_word' id='word_1_263' title='bbox 1364 3670 1460 3733; x_wconf 89' lang='lat' dir='ltr'>scribi</span> 
     </span>
     <span class='ocr_line' id='line_1_32' title="bbox 624 3756 1273 3800; baseline 0 0"><span class='ocrx_word' id='word_1_264' title='bbox 624 3756 637 3800; x_wconf 80' lang='grc' dir='ltr'><strong><em>ι</em></strong></span> <span class='ocrx_word' id='word_1_265' title='bbox 1260 3759 1273 3800; x_wconf 86' lang='grc' dir='ltr'><strong><em>ι</em></strong></span> 
     </span>
    </p>
   </div>
   <div class='ocr_carea' id='block_1_5' title="bbox 276 3817 1461 4355">
    <p class='ocr_par' dir='ltr' id='par_1_7' title="bbox 276 3817 1461 4355">
     <span class='ocr_line' id='line_1_33' title="bbox 279 3817 1460 3902; baseline 0.003 -21"><span class='ocrx_word' id='word_1_266' title='bbox 279 3822 412 3899; x_wconf 79' lang='lat' dir='ltr'>solebat,</span> <span class='ocrx_word' id='word_1_267' title='bbox 445 3823 531 3883; x_wconf 82' lang='lat' dir='ltr'>sicut</span> <span class='ocrx_word' id='word_1_268' title='bbox 555 3817 637 3902; x_wconf 81' lang='grc' dir='ltr'>Ἥρω</span> <span class='ocrx_word' id='word_1_269' title='bbox 670 3827 702 3884; x_wconf 71' lang='lat' dir='ltr'>et</span> <span class='ocrx_word' id='word_1_270' title='bbox 720 3819 905 3902; x_wconf 80' lang='grc' dir='ltr'><strong><em>Ἡρωδιανὸς</em></strong></span> <span class='ocrx_word' id='word_1_271' title='bbox 930 3819 1128 3902; x_wconf 73' lang='grc' dir='ltr'>’θ1Ἦρώδης,</span> <span class='ocrx_word' id='word_1_272' title='bbox 1155 3825 1205 3884; x_wconf 84' lang='lat' dir='ltr'>vel</span> <span class='ocrx_word' id='word_1_273' title='bbox 1233 3826 1272 3882; x_wconf 89' lang='grc' dir='ltr'>Φι</span> <span class='ocrx_word' id='word_1_274' title='bbox 1298 3826 1332 3886; x_wconf 83' lang='lat' dir='ltr'>et</span> <span class='ocrx_word' id='word_1_275' title='bbox 1361 3826 1460 3886; x_wconf 77' lang='grc' dir='ltr'><strong><em>Φίλων</em></strong></span> 
     </span>
     <span class='ocr_line' id='line_1_34' title="bbox 278 3933 1459 4011; baseline 0.006 -17"><span class='ocrx_word' id='word_1_276' title='bbox 278 3937 312 3995; x_wconf 81' lang='lat' dir='ltr'>et</span> <span class='ocrx_word' id='word_1_277' title='bbox 336 3933 493 4007; x_wconf 81' lang='grc' dir='ltr'><strong><em>Φιλόξενος</em></strong></span> <span class='ocrx_word' id='word_1_278' title='bbox 518 3939 551 3996; x_wconf 91' lang='lat' dir='ltr'>et</span> <span class='ocrx_word' id='word_1_279' title='bbox 578 3937 723 4007; x_wconf 86' lang='grc' dir='ltr'><strong><em>Φίλιππος</em></strong></span> <span class='ocrx_word' id='word_1_280' title='bbox 748 3937 918 4011; x_wconf 88' lang='lat' dir='ltr'>significat.</span> <span class='ocrx_word' id='word_1_281' title='bbox 946 3971 984 3980; x_wconf 91' lang='lat'>—</span> <span class='ocrx_word' id='word_1_282' title='bbox 1011 3938 1144 3997; x_wconf 87' lang='lat' dir='ltr'>Frustra</span> <span class='ocrx_word' id='word_1_283' title='bbox 1171 3938 1231 3997; x_wconf 90' lang='lat' dir='ltr'>viri</span> <span class='ocrx_word' id='word_1_284' title='bbox 1254 3937 1305 3999; x_wconf 89' lang='lat' dir='ltr'>dd.</span> <span class='ocrx_word' id='word_1_285' title='bbox 1330 3939 1368 4000; x_wconf 88' lang='lat' dir='ltr'>in</span> <span class='ocrx_word' id='word_1_286' title='bbox 1395 3955 1459 4001; x_wconf 83' lang='lat' dir='ltr'>ver·</span> 
     </span>
     <span class='ocr_line' id='line_1_35' title="bbox 276 4047 1460 4129; baseline 0.004 -20"><span class='ocrx_word' id='word_1_287' title='bbox 276 4050 326 4109; x_wconf 89' lang='lat' dir='ltr'>bis</span> <span class='ocrx_word' id='word_1_288' title='bbox 350 4047 455 4109; x_wconf 78' lang='grc' dir='ltr'><strong><em>ἐλάττω</em></strong></span> <span class='ocrx_word' id='word_1_289' title='bbox 479 4048 573 4126; x_wconf 78' lang='grc' dir='ltr'><strong><em>αὐτὴν</em></strong></span> <span class='ocrx_word' id='word_1_290' title='bbox 598 4048 715 4127; x_wconf 80' lang='grc' dir='ltr'><strong><em>ἐποίησε</em></strong></span> <span class='ocrx_word' id='word_1_291' title='bbox 741 4067 807 4112; x_wconf 89' lang='lat' dir='ltr'>voc.</span> <span class='ocrx_word' id='word_1_292' title='bbox 833 4049 927 4127; x_wconf 78' lang='grc' dir='ltr'><strong><em>αὐτὴν</em></strong></span> <span class='ocrx_word' id='word_1_293' title='bbox 952 4067 993 4111; x_wconf 85' lang='lat' dir='ltr'>ex</span> <span class='ocrx_word' id='word_1_294' title='bbox 1018 4052 1147 4124; x_wconf 91' lang='lat' dir='ltr'>linguae</span> <span class='ocrx_word' id='word_1_295' title='bbox 1171 4051 1299 4125; x_wconf 88' lang='lat' dir='ltr'>legibus</span> <span class='ocrx_word' id='word_1_296' title='bbox 1325 4051 1460 4129; x_wconf 79' lang='lat' dir='ltr'>Cephali</span> 
     </span>
     <span class='ocr_line' id='line_1_36' title="bbox 278 4163 1460 4239; baseline 0.007 -18"><span class='ocrx_word' id='word_1_297' title='bbox 278 4164 332 4222; x_wconf 90' lang='lat' dir='ltr'>avi</span> <span class='ocrx_word' id='word_1_298' title='bbox 362 4179 432 4223; x_wconf 87' lang='lat' dir='ltr'>rem</span> <span class='ocrx_word' id='word_1_299' title='bbox 465 4165 659 4224; x_wconf 87' lang='lat' dir='ltr'>familiarem</span> <span class='ocrx_word' id='word_1_300' title='bbox 686 4163 867 4236; x_wconf 86' lang='lat' dir='ltr'>significare</span> <span class='ocrx_word' id='word_1_301' title='bbox 890 4180 985 4238; x_wconf 89' lang='lat' dir='ltr'>posse</span> <span class='ocrx_word' id='word_1_302' title='bbox 1009 4166 1134 4239; x_wconf 87' lang='lat' dir='ltr'>putant,</span> <span class='ocrx_word' id='word_1_303' title='bbox 1161 4179 1236 4224; x_wconf 91' lang='lat' dir='ltr'>cum</span> <span class='ocrx_word' id='word_1_304' title='bbox 1260 4164 1334 4225; x_wconf 87' lang='lat' dir='ltr'>sine</span> <span class='ocrx_word' id='word_1_305' title='bbox 1362 4182 1460 4228; x_wconf 85' lang='lat' dir='ltr'>sensu</span> 
     </span>
     <span class='ocr_line' id='line_1_37' title="bbox 277 4272 1461 4355; baseline 0.007 -21"><span class='ocrx_word' id='word_1_306' title='bbox 277 4273 383 4335; x_wconf 80' lang='grc' dir='ltr'><strong><em>οὐσίαν</em></strong></span> <span class='ocrx_word' id='word_1_307' title='bbox 415 4275 488 4355; x_wconf 76' lang='grc' dir='ltr'><strong><em>ὅσην</em></strong></span> <span class='ocrx_word' id='word_1_308' title='bbox 516 4274 655 4354; x_wconf 79' lang='grc' dir='ltr'><strong><em>κέκτημαι</em></strong></span> <span class='ocrx_word' id='word_1_309' title='bbox 682 4272 703 4347; x_wconf 93' lang='grc'>1)</span> <span class='ocrx_word' id='word_1_310' title='bbox 727 4278 863 4353; x_wconf 88' lang='lat' dir='ltr'>indicet;</span> <span class='ocrx_word' id='word_1_311' title='bbox 887 4278 1117 4352; x_wconf 89' lang='lat' dir='ltr'>haplographia</span> <span class='ocrx_word' id='word_1_312' title='bbox 1140 4281 1208 4338; x_wconf 88' lang='lat' dir='ltr'>tres</span> <span class='ocrx_word' id='word_1_313' title='bbox 1231 4278 1368 4342; x_wconf 88' lang='lat' dir='ltr'>litterae</span> <span class='ocrx_word' id='word_1_314' title='bbox 1395 4297 1461 4344; x_wconf 85' lang='lat' dir='ltr'>eva·</span> 
     </span>
    </p>
   </div>
   <div class='ocr_carea' id='block_1_6' title="bbox 312 4544 741 4612">
    <p class='ocr_par' dir='ltr' id='par_1_8' title="bbox 312 4544 741 4612">
     <span class='ocr_line' id='line_1_38' title="bbox 312 4544 741 4612; baseline -0.005 -16"><span class='ocrx_word' id='word_1_315' title='bbox 312 4544 332 4612; x_wconf 83' lang='lat'>¹)</span> <span class='ocrx_word' id='word_1_316' title='bbox 350 4550 408 4596; x_wconf 81' lang='lat' dir='ltr'>Sive</span> <span class='ocrx_word' id='word_1_317' title='bbox 425 4549 466 4608; x_wconf 72' lang='grc' dir='ltr'>τὴν</span> <span class='ocrx_word' id='word_1_318' title='bbox 484 4552 637 4612; x_wconf 78' lang='grc' dir='ltr'><strong><em>ὑπάρχουσαν</em></strong></span> <span class='ocrx_word' id='word_1_319' title='bbox 655 4553 741 4595; x_wconf 81' lang='grc' dir='ltr'><strong><em>οὐσίαν.</em></strong></span> 
     </span>
    </p>
   </div>
   <div class='ocr_carea' id='block_1_7' title="bbox 0 0 1504 5018">
    <p class='ocr_par' dir='ltr' id='par_1_9' title="bbox 0 0 1504 5018">
     <span class='ocr_line' id='line_1_39' title="bbox 0 0 1504 5018; baseline 0 0"><span class='ocrx_word' id='word_1_320' title='bbox 0 0 1504 5018; x_wconf 95' lang='lat' dir='ltr'> </span> 
     </span>
    </p>
   </div>
   <div class='ocr_carea' id='block_1_8' title="bbox 1496 2214 1502 4959">
    <p class='ocr_par' dir='ltr' id='par_1_10' title="bbox 1496 2214 1502 4959">
     <span class='ocr_line' id='line_1_40' title="bbox 1496 2214 1502 4959; baseline 0 0"><span class='ocrx_word' id='word_1_321' title='bbox 1496 2214 1502 4959; x_wconf 95' lang='lat' dir='ltr'> </span> 
     </span>
    </p>
   </div>
  </div>
 </body>
</html>
