3000 5018
795 268 838 329 20

231 453 263 515 τὸ
294 453 400 531 κλέψαι
432 460 548 518 natura
576 456 673 538 λάθρᾳ
704 457 773 517 fiori
804 458 896 533 solo),
929 456 960 516 τὸ
983 457 1109 529 πατάξαι
1133 461 1167 519 ei
1190 457 1221 518 τὸ
1247 455 1416 538 ἐμποιῆσαι

232 567 322 627 νόσον
345 571 458 630 furtim
482 570 550 631 fleri
574 587 707 631 necesse
731 572 784 631 sit.

87 682 150 740 334
180 679 208 742 Β
276 684 380 758 Quum
404 685 502 745 verba
521 693 607 744 τοῦτο
627 681 726 761 μέντοι
745 683 841 763 ἐζοοιγε
862 685 947 744 δοκεῖ
961 683 1000 743 ἔτι
1021 685 1203 760 significent
1227 687 1415 762 ,Attamen

230 795 308 856 iilud
339 799 443 857 adhuc
473 800 567 859 teneo
595 799 785 873 Justititiam
809 800 892 873 etc”,
913 803 968 858 aot
988 814 1056 859 voc.
1077 794 1096 874 ἡ
1117 797 1299 875 δικαιοσύνη
1322 800 1414 861 indu·

230 910 368 969 cendum
391 913 451 985 est,
475 912 503 970 si
525 911 656 985 vulgata
676 907 800 985 ὠφελεῖν
821 914 854 972 et
873 911 1013 989 βλάπτειν
1032 916 1192 988 servatur,
1212 915 1294 987 quia
1316 923 1417 990 τούτο,

230 1039 293 1083 non
323 1018 343 1099 ἡ
367 1023 543 1100 δικαιοσύνη
567 1025 751 1098 συλήσοντα]
776 1025 863 1085 verbi
887 1025 973 1084 δοκεῖ
992 1028 1053 1101 est,
1077 1030 1133 1085 aot
1155 1026 1338 1100 legendum
1364 1031 1416 1089 est

231 1152 306 1197 cum
330 1139 415 1198 Veno
441 1140 472 1195 Π
492 1132 603 1212 ὠφελεῖ
621 1140 665 1207 (et
683 1137 824 1215 βλάπτει),
846 1153 1044 1212 quamquam
1066 1142 1099 1200 et
1118 1141 1166 1199 sic
1185 1141 1321 1215 egregie
1337 1157 1415 1203 voce

228 1245 247 1325 ἡ
272 1249 446 1327 δικαιοσύνη
470 1267 578 1312 carere
601 1267 785 1325 possumne.
807 1251 883 1310 Mihi
903 1253 988 1326 prior
1010 1253 1101 1327 ratio,
1123 1268 1186 1326 qua
1199 1253 1414 1316 Polemarchi

180 1363 205 1431 G
228 1365 331 1424 oratio
351 1366 455 1438 magis
474 1366 602 1426 concisa
618 1365 664 1441 iit,
678 1365 792 1441 piacet.
818 1357 837 1448 ΙΙ
863 1361 1066 1441 Quamquam
1080 1367 1260 1427 mediocres
1272 1369 1412 1430 tantum

229 1478 354 1538 codices
388 1477 494 1552 φίλους
523 1474 560 1564 Ιδὲ
594 1476 684 1557 λέγεις
721 1471 818 1549 [εἶναι]
855 1476 979 1556 πότερον
1014 1480 1178 1555 praebent,
1214 1481 1256 1541 iis
1296 1486 1412 1543 tamen

217 1591 517 1669 ¹obtemperandum
548 1608 663 1653 censeo
695 1608 734 1652 ne
762 1593 903 1651 alterum
927 1584 1013 1668 εἶναι,
1035 1594 1119 1665 quod
1142 1608 1221 1654 mox
1246 1597 1413 1674 sequitur,

229 1703 387 1765 absonum
419 1707 472 1766 eit.
501 1707 696 1781 Saepissime
721 1706 855 1765 verbum
879 1702 972 1782 λέγειν
997 1707 1044 1776 (ut
1068 1703 1172 1781 φάναι,
1195 1722 1245 1781 ap.
1273 1709 1414 1771 Latinos

233 1820 388 1894 ,dicere”)
420 1834 494 1879 oum
526 1820 711 1879 accusativo
740 1820 810 1878 sine
841 1811 916 1877 εἶναι
947 1819 1154 1896 construitur,
1188 1821 1249 1881 vid.
1283 1838 1340 1884 ex.
1367 1840 1412 1898 gr.

178 1909 293 1995 naar
328 1933 365 2007 D,
397 1933 461 1991 333
493 1933 530 1991 A.
563 1927 582 2014 ΙΙ
613 1934 683 1993 Par.
716 1933 744 1991 A
775 1933 906 2006 praebet
937 1929 1037 2002 αὐτοῖς
1061 1931 1135 1990 εἰσίν
1158 1937 1225 2007 (pro
1249 1934 1342 2013 εἰσί),
1368 1938 1414 1997 sic

230 2046 311 2106 Bait.
333 2046 454 2106 Wohlr.
477 2045 607 2119 Gampb.
628 2049 731 2118 recte;
756 2060 857 2118 quum
882 2045 968 2104 enim
989 2061 1030 2104 ex
1051 2045 1323 2120 inscriptionibus
1335 2051 1412 2121 (vid.

229 2159 357 2219 Maasen
383 2161 475 2234 ,Lpz.
496 2159 651 2219 Studien’
676 2161 709 2217 et
735 2157 957 2226 Meisterhans)
977 2159 1105 2218 Atticos
1124 2180 1142 2216 ν
1163 2160 1415 2234 ephelcusticon

228 2275 303 2332 ante
338 2275 551 2333 consonantes
567 2266 587 2340 ¹)
621 2273 803 2344 promiscue
838 2286 955 2345 ponere
985 2272 1099 2332 soiitos
1131 2287 1203 2331 esse
1236 2281 1413 2354 appareat,

229 2388 482 2446 consentaneum
517 2388 567 2446 eat
601 2386 634 2444 in
664 2385 727 2445 fine
758 2385 888 2458 quidem
919 2385 1101 2444 sententiae
1132 2385 1224 2445 iiiam
1258 2386 1414 2451 litteram

227 2501 344 2573 ubique
367 2514 529 2574 reponere.
551 2501 635 2559 Ante
655 2500 886 2559 consonantem
908 2498 940 2557 in
962 2496 1131 2558 Glarkiano
1146 2500 1224 2560 iliud
1239 2522 1259 2556 ν
1273 2505 1415 2579 saepius

226 2614 364 2673 occurrit
394 2629 492 2687 quam
522 2614 555 2673 in
586 2613 687 2673 Paris,
720 2613 758 2688 A,
790 2612 959 2688 praecipue
991 2609 1225 2672 invocatura
1250 2616 1320 2687 (hie
1347 2619 1415 2678 illio

226 2720 286 2784 ἔσθ’
320 2726 440 2786 librarii
470 2729 593 2786 temere
624 2727 657 2785 in
690 2723 767 2784 ἐστὶν
794 2727 984 2793 mutavere).
1014 2757 1052 2766 -
1076 2724 1151 2784 Mox
1175 2729 1420 2803 corrigendum

226 2840 362 2899 arbitror
395 2837 570 2898 τούναντίον
600 2836 620 2916 ἢ
654 2826 776 2912 (ὡς)
810 2836 861 2896 τὸν
891 2840 962 2912 Σιμ.
997 2870 1036 2878 -
1069 2837 1115 2912 Id,
1148 2841 1232 2911 quod
1258 2844 1413 2904 nonnulli

226 2954 352 3013 codices
385 2951 436 3012 τὸν
471 2951 559 3027 φίλον
590 2950 640 3011 καὶ
673 2951 806 3026 <τὸν>
842 2947 950 3028 ἐχθρὸν
981 2945 1095 3007 θέσθαι
1125 2953 1293 3032 praebent,
1328 2958 1413 3018 mihi

226 3068 426 3140 probandum
450 3067 585 3142 videtur,
606 3067 682 3139 quia
701 3067 851 3126 articulos
869 3069 904 3126 ιἰι
923 3068 972 3143 tta,
995 3084 1073 3141 quoe
1093 3068 1222 3127 interm
1242 3072 1413 3132 contram

226 3182 306 3252 (dico
338 3183 508 3257 contraria,
541 3197 604 3241 non
629 3182 767 3251 diversa)
790 3185 873 3257 aunt,
898 3184 984 3256 opaci
1008 3182 1167 3242 Ρῑαδοιννιιι
1189 3182 1303 3243 iterari
1328 3188 1411 3264 sora,

224 3296 252 3353 ai
268 3311 328 3369 per
350 3291 414 3352 καὶ
436 3295 517 3353 inter
538 3310 569 3354 ac
593 3296 787 3369 copulantur.
812 3295 901 3355 Licet
926 3296 1013 3355 enim
1036 3296 1141 3355 dicere
1162 3293 1226 3373 περί
1249 3294 1282 3356 τὸ
1303 3295 1410 3377 άριιόν

225 3428 254 3466 τε
284 3405 334 3466 καὶ
364 3405 498 3485 περιττὸν
525 3410 582 3468 aui
608 3406 640 3466 τὸ
667 3406 801 3486 περιττὸν
829 3405 880 3467 καί
903 3406 935 3466 τὸ
963 3404 1074 3486 ἄρτιον,
1101 3405 1136 3466 τὰ
1164 3407 1267 3468 δίκαια
1296 3409 1410 3472 παλτὰ

225 3517 314 3579 ἄδικα
346 3524 402 3580 aui
432 3518 498 3599 περὶ
529 3519 560 3579 τὸ
593 3520 708 3580 δίκαιόν
739 3543 768 3580 τε
799 3519 849 3579 καὶ
881 3518 986 3580 ἅδιστον
1011 3522 1172 3596 (exempla
1196 3538 1236 3582 ex
1263 3523 1407 3602 Gorgia),

225 3638 285 3704 τοῖς
309 3633 406 3708 φίλοις
428 3655 457 3693 τε
480 3632 530 3692 καὶ
554 3632 671 3711 ἐχθροῖς
696 3635 783 3708 (Rep.
810 3635 873 3693 332
898 3635 945 3708 D),
969 3642 1022 3692 τοῦ
1044 3627 1122 3692 είναί
1141 3656 1170 3693 τε
1190 3632 1240 3693 καὶ
1261 3635 1305 3714 μὴ
1330 3632 1408 3699 εἶναι

227 3749 325 3822 (Rep.)
346 3749 458 3808 eodem
483 3749 577 3807 modo
602 3763 664 3820 quo
690 3748 853 3822 daretne,
874 3762 956 3820 quae
977 3748 1061 3807 inter
1080 3764 1116 3808 se
1137 3750 1325 3812 contrariae
1347 3769 1408 3814 nou

228 3863 314 3936 sunt,
338 3861 486 3921 bifariam
511 3862 586 3921 licet
607 3862 711 3921 dicere
732 3858 778 3918 ἐπὶ
798 3859 829 3920 τὸ
849 3858 964 3938 βέλτιόν
983 3883 1012 3919 τε
1032 3858 1082 3918 καὶ
1101 3861 1222 3920 κάλλιον
1243 3863 1340 3933 (licet
1359 3867 1410 3927 hic

227 3996 256 4033 τε
280 3976 441 4043 omittere)
466 4008 505 4016 -
531 3971 551 4051 i)
575 3971 623 4032 ἐπὶ
645 3971 677 4032 τὸ
701 3978 797 4051 χεῖρον
821 3971 871 4031 xo)
893 3971 925 4032 τὸ
946 3972 1060 4050 αἴσχιον
1082 3975 1168 4048 (Rop.
1192 3974 1256 4035 381
1277 3977 1331 4048 B).
1354 3980 1411 4040 Est

228 4090 261 4147 et
290 4090 387 4149 tertia
413 4090 446 4147 in
470 4088 590 4148 talibus
615 4088 844 4160 coniungendis
868 4088 960 4162 ratio,
986 4087 1057 4147 vide
1081 4103 1131 4147 ex.
1156 4104 1202 4160 gr.
1226 4089 1271 4158 (in
1299 4091 1411 4168 Gorg.)

229 4198 294 4277 περὶ
325 4200 356 4260 τὸ
385 4198 485 4278 ίίρτιόν
508 4198 609 4259 τεκαὶ
632 4199 664 4258 τὸ
684 4197 818 4278 περιττὸν
844 4201 894 4260 vel
919 4200 1023 4272 (Gorg.
1050 4201 1161 4270 4980)
1186 4199 1217 4260 οί
1236 4198 1364 4281 ἀγαθοί
1383 4228 1412 4266 τε

227 4310 277 4370 καὶ
312 4313 342 4371 οἱ
373 4311 458 4371 κακοὶ
490 4315 593 4383 (iuxta
624 4313 655 4371 οἱ
682 4311 793 4391 ἀγαθοὶ
823 4311 873 4372 καὶ
904 4312 936 4372 οἷ
954 4312 1044 4372 κακοί
1064 4314 1150 4383 ibid.)
1175 4316 1208 4374 oi
1231 4315 1283 4383 (de
1312 4321 1412 4381 robus

263 4555 279 4617 ¹)
297 4561 326 4604 In
346 4557 488 4605 Phaedonia
506 4560 595 4619 fragm.
613 4561 751 4608 identidem
770 4580 782 4608 ν
801 4564 859 4609 ante
877 4576 979 4608 conson.
998 4565 1128 4622 repertum
1147 4565 1194 4608 eet.
