<?xml version="1.0" encoding="UTF-8"?>
<!DOCTYPE html PUBLIC "-//W3C//DTD XHTML 1.0 Transitional//EN"
    "http://www.w3.org/TR/xhtml1/DTD/xhtml1-transitional.dtd">
<html xmlns="http://www.w3.org/1999/xhtml" xml:lang="en" lang="en">
 <head>
  <title>
</title>
<meta http-equiv="Content-Type" content="text/html;charset=utf-8" />
  <meta name='ocr-system' content='tesseract 3.04.00' />
  <meta name='ocr-capabilities' content='ocr_page ocr_carea ocr_par ocr_line ocrx_word'/>
</head>
<body>
  <div class='ocr_page' id='page_1' title='image "./notaecriticaead00hartgoog_0078.png"; bbox 0 0 3000 5018; ppageno 0'>
   <div class='ocr_carea' id='block_1_1' title="bbox 757 281 798 338">
    <p class='ocr_par' dir='ltr' id='par_1_1' title="bbox 757 281 798 338">
     <span class='ocr_line' id='line_1_1' title="bbox 757 281 798 338; baseline 0.024 -1"><span class='ocrx_word' id='word_1_1' title='bbox 757 281 798 338; x_wconf 79' lang='grc'>57</span> 
     </span>
    </p>
   </div>
   <div class='ocr_carea' id='block_1_2' title="bbox 181 459 1363 864">
    <p class='ocr_par' dir='ltr' id='par_1_2' title="bbox 181 459 1363 864">
     <span class='ocr_line' id='line_1_2' title="bbox 181 459 1362 543; baseline 0.005 -25"><span class='ocrx_word' id='word_1_2' title='bbox 181 459 321 540; x_wconf 78' lang='grc' dir='ltr'><strong><em>στρεπτοὶ</em></strong></span> <span class='ocrx_word' id='word_1_3' title='bbox 344 463 561 537; x_wconf 89' lang='lat' dir='ltr'>superscripta</span> <span class='ocrx_word' id='word_1_4' title='bbox 580 463 696 524; x_wconf 84' lang='lat' dir='ltr'>iuerat.</span> <span class='ocrx_word' id='word_1_5' title='bbox 720 497 761 507; x_wconf 89' lang='lat'>-</span> <span class='ocrx_word' id='word_1_6' title='bbox 781 465 866 538; x_wconf 84' lang='lat' dir='ltr'>Lege</span> <span class='ocrx_word' id='word_1_7' title='bbox 885 463 1073 543; x_wconf 68' lang='grc' dir='ltr'><strong><em>παράγεσθαι</em></strong></span> <span class='ocrx_word' id='word_1_8' title='bbox 1095 462 1362 542; x_wconf 69' lang='grc' dir='ltr'><strong><em>[άναιτειθόμενσιλ</em></strong></span> 
     </span>
     <span class='ocr_line' id='line_1_3' title="bbox 183 575 1362 655; baseline 0.004 -20"><span class='ocrx_word' id='word_1_9' title='bbox 183 575 338 651; x_wconf 82' lang='lat' dir='ltr'>Suspicor</span> <span class='ocrx_word' id='word_1_10' title='bbox 360 577 502 650; x_wconf 82' lang='lat' dir='ltr'>aliquem</span> <span class='ocrx_word' id='word_1_11' title='bbox 526 577 736 652; x_wconf 76' lang='lat' dir='ltr'>interpretem</span> <span class='ocrx_word' id='word_1_12' title='bbox 761 575 982 637; x_wconf 69' lang='lat' dir='ltr'>&amp;succideram</span> <span class='ocrx_word' id='word_1_13' title='bbox 1001 579 1035 638; x_wconf 92' lang='lat' dir='ltr'>in</span> <span class='ocrx_word' id='word_1_14' title='bbox 1056 594 1120 652; x_wconf 81' lang='lat' dir='ltr'>mg.</span> <span class='ocrx_word' id='word_1_15' title='bbox 1142 580 1362 655; x_wconf 82' lang='lat' dir='ltr'>adscripsisse,</span> 
     </span>
     <span class='ocr_line' id='line_1_4' title="bbox 182 689 1363 762; baseline 0.004 -14"><span class='ocrx_word' id='word_1_16' title='bbox 182 689 271 762; x_wconf 90' lang='lat' dir='ltr'>quod</span> <span class='ocrx_word' id='word_1_17' title='bbox 306 689 419 749; x_wconf 88' lang='lat' dir='ltr'>deinde</span> <span class='ocrx_word' id='word_1_18' title='bbox 453 690 487 749; x_wconf 93' lang='lat' dir='ltr'>in</span> <span class='ocrx_word' id='word_1_19' title='bbox 517 690 647 750; x_wconf 85' lang='lat' dir='ltr'>textum</span> <span class='ocrx_word' id='word_1_20' title='bbox 678 692 808 752; x_wconf 89' lang='lat' dir='ltr'>devenit</span> <span class='ocrx_word' id='word_1_21' title='bbox 840 694 874 752; x_wconf 93' lang='lat' dir='ltr'>et</span> <span class='ocrx_word' id='word_1_22' title='bbox 903 693 943 752; x_wconf 90' lang='lat' dir='ltr'>ad</span> <span class='ocrx_word' id='word_1_23' title='bbox 974 693 1154 753; x_wconf 89' lang='lat' dir='ltr'>orationem</span> <span class='ocrx_word' id='word_1_24' title='bbox 1186 708 1363 753; x_wconf 84' lang='lat' dir='ltr'>accommo-</span> 
     </span>
     <span class='ocr_line' id='line_1_5' title="bbox 184 803 386 864; baseline 0.01 -2"><span class='ocrx_word' id='word_1_25' title='bbox 184 803 302 863; x_wconf 87' lang='lat' dir='ltr'>datum</span> <span class='ocrx_word' id='word_1_26' title='bbox 325 805 386 864; x_wconf 88' lang='lat' dir='ltr'>est.</span> 
     </span>
    </p>
   </div>
   <div class='ocr_carea' id='block_1_3' title="bbox 129 890 1363 994">
    <p class='ocr_par' dir='ltr' id='par_1_3' title="bbox 129 890 1363 994">
     <span class='ocr_line' id='line_1_6' title="bbox 129 890 1363 994; baseline 0.002 -16"><span class='ocrx_word' id='word_1_27' title='bbox 129 909 158 978; x_wconf 71' lang='grc' dir='ltr'><strong>Δ</strong></span> <span class='ocrx_word' id='word_1_28' title='bbox 231 915 293 975; x_wconf 93' lang='lat' dir='ltr'>Pro</span> <span class='ocrx_word' id='word_1_29' title='bbox 323 913 416 992; x_wconf 91' lang='grc' dir='ltr'><strong><em>μόνον</em></strong></span> <span class='ocrx_word' id='word_1_30' title='bbox 447 917 542 989; x_wconf 91' lang='lat' dir='ltr'>(quod</span> <span class='ocrx_word' id='word_1_31' title='bbox 572 917 644 978; x_wconf 89' lang='lat' dir='ltr'>Par.</span> <span class='ocrx_word' id='word_1_32' title='bbox 676 918 705 977; x_wconf 86' lang='lat' dir='ltr'>A</span> <span class='ocrx_word' id='word_1_33' title='bbox 728 923 804 988; x_wconf 85' lang='lat' dir='ltr'>om.)</span> <span class='ocrx_word' id='word_1_34' title='bbox 828 918 974 979; x_wconf 87' lang='lat' dir='ltr'>Muretus</span> <span class='ocrx_word' id='word_1_35' title='bbox 989 890 1218 994; x_wconf 37' lang='lat' dir='ltr'>&#39;iprobantibus</span> <span class='ocrx_word' id='word_1_36' title='bbox 1245 921 1363 981; x_wconf 82' lang='lat' dir='ltr'>Oobeto</span> 
     </span>
    </p>
   </div>
   <div class='ocr_carea' id='block_1_4' title="bbox 131 1027 1459 4406">
    <p class='ocr_par' dir='ltr' id='par_1_4' title="bbox 131 1027 1459 4406">
     <span class='ocr_line' id='line_1_7' title="bbox 184 1027 1363 1108; baseline 0.003 -19"><span class='ocrx_word' id='word_1_37' title='bbox 184 1029 250 1089; x_wconf 86' lang='lat' dir='ltr'>Mn.</span> <span class='ocrx_word' id='word_1_38' title='bbox 289 1029 372 1090; x_wconf 81' lang='lat'>1862</span> <span class='ocrx_word' id='word_1_39' title='bbox 408 1031 442 1089; x_wconf 88' lang='lat' dir='ltr'>et</span> <span class='ocrx_word' id='word_1_40' title='bbox 477 1029 618 1104; x_wconf 79' lang='lat' dir='ltr'>campo.)</span> <span class='ocrx_word' id='word_1_41' title='bbox 650 1031 689 1092; x_wconf 90' lang='lat' dir='ltr'>ci.</span> <span class='ocrx_word' id='word_1_42' title='bbox 722 1027 785 1108; x_wconf 81' lang='grc' dir='ltr'><strong><em>μὲν,</em></strong></span> <span class='ocrx_word' id='word_1_43' title='bbox 815 1033 946 1107; x_wconf 88' lang='lat' dir='ltr'>optime.</span> <span class='ocrx_word' id='word_1_44' title='bbox 971 1032 1045 1092; x_wconf 86' lang='lat' dir='ltr'>Mox</span> <span class='ocrx_word' id='word_1_45' title='bbox 1070 1033 1226 1092; x_wconf 84' lang='lat' dir='ltr'>Richards</span> <span class='ocrx_word' id='word_1_46' title='bbox 1249 1033 1363 1103; x_wconf 76' lang='lat' dir='ltr'>(class.</span> 
     </span>
     <span class='ocr_line' id='line_1_8' title="bbox 184 1141 1363 1224; baseline 0.001 -21"><span class='ocrx_word' id='word_1_47' title='bbox 184 1143 266 1203; x_wconf 82' lang='lat' dir='ltr'>Rev.</span> <span class='ocrx_word' id='word_1_48' title='bbox 302 1142 396 1213; x_wconf 83' lang='lat'>1893)</span> <span class='ocrx_word' id='word_1_49' title='bbox 427 1144 627 1218; x_wconf 77' lang='lat' dir='ltr'>transposuit</span> <span class='ocrx_word' id='word_1_50' title='bbox 657 1141 860 1222; x_wconf 77' lang='grc' dir='ltr'><strong><em>κερδανοῦμέν</em></strong></span> <span class='ocrx_word' id='word_1_51' title='bbox 891 1166 920 1203; x_wconf 87' lang='grc' dir='ltr'>τε</span> <span class='ocrx_word' id='word_1_52' title='bbox 948 1142 1177 1223; x_wconf 75' lang='grc' dir='ltr'><strong><em>ὑπερβαίνοντες</em></strong></span> <span class='ocrx_word' id='word_1_53' title='bbox 1201 1143 1251 1204; x_wconf 80' lang='grc' dir='ltr'><strong><em>καλ</em></strong></span> <span class='ocrx_word' id='word_1_54' title='bbox 1275 1142 1363 1224; x_wconf 84' lang='grc' dir='ltr'><strong><em>ἆμαρ,</em></strong></span> 
     </span>
     <span class='ocr_line' id='line_1_9' title="bbox 184 1255 1365 1334; baseline 0.003 -18"><span class='ocrx_word' id='word_1_55' title='bbox 184 1255 237 1316; x_wconf 84' lang='grc' dir='ltr'><strong><em>ιιαλ</em></strong></span> <span class='ocrx_word' id='word_1_56' title='bbox 259 1256 425 1334; x_wconf 73' lang='grc' dir='ltr'><strong><em>λισσόμενοι</em></strong></span> <span class='ocrx_word' id='word_1_57' title='bbox 448 1257 602 1329; x_wconf 75' lang='grc' dir='ltr'><strong><em>πείθοντες</em></strong></span> <span class='ocrx_word' id='word_1_58' title='bbox 625 1262 684 1317; x_wconf 78' lang='grc' dir='ltr'><strong><em>κτλ.</em></strong></span> <span class='ocrx_word' id='word_1_59' title='bbox 705 1259 782 1318; x_wconf 87' lang='lat' dir='ltr'>Mihi</span> <span class='ocrx_word' id='word_1_60' title='bbox 802 1258 893 1319; x_wconf 88' lang='lat' dir='ltr'>locus</span> <span class='ocrx_word' id='word_1_61' title='bbox 910 1259 1124 1332; x_wconf 89' lang='lat' dir='ltr'>interpolatus</span> <span class='ocrx_word' id='word_1_62' title='bbox 1144 1275 1216 1320; x_wconf 87' lang='lat' dir='ltr'>esse</span> <span class='ocrx_word' id='word_1_63' title='bbox 1238 1260 1365 1320; x_wconf 87' lang='lat' dir='ltr'>videtur</span> 
     </span>
     <span class='ocr_line' id='line_1_10' title="bbox 185 1371 1365 1449; baseline 0.001 -18"><span class='ocrx_word' id='word_1_64' title='bbox 185 1373 221 1431; x_wconf 88' lang='lat' dir='ltr'>et</span> <span class='ocrx_word' id='word_1_65' title='bbox 249 1371 384 1433; x_wconf 89' lang='lat' dir='ltr'>delenda</span> <span class='ocrx_word' id='word_1_66' title='bbox 414 1388 529 1432; x_wconf 88' lang='lat' dir='ltr'>censeo</span> <span class='ocrx_word' id='word_1_67' title='bbox 561 1374 658 1433; x_wconf 87' lang='lat' dir='ltr'>verba</span> <span class='ocrx_word' id='word_1_68' title='bbox 689 1377 717 1443; x_wconf 89' lang='lat' dir='ltr'>(e</span> <span class='ocrx_word' id='word_1_69' title='bbox 745 1374 810 1435; x_wconf 75' lang='lat'>364</span> <span class='ocrx_word' id='word_1_70' title='bbox 834 1374 858 1432; x_wconf 84' lang='lat' dir='ltr'><strong>E</strong></span> <span class='ocrx_word' id='word_1_71' title='bbox 882 1375 1029 1448; x_wconf 86' lang='lat' dir='ltr'>repetita)</span> <span class='ocrx_word' id='word_1_72' title='bbox 1053 1373 1220 1449; x_wconf 78' lang='grc' dir='ltr'><strong><em>λισσόμενοι</em></strong></span> <span class='ocrx_word' id='word_1_73' title='bbox 1234 1419 1365 1434; x_wconf 87' lang='grc'><strong>.......</strong></span> 
     </span>
     <span class='ocr_line' id='line_1_11' title="bbox 186 1481 1365 1563; baseline 0.004 -20"><span class='ocrx_word' id='word_1_74' title='bbox 186 1481 415 1563; x_wconf 68' lang='grc' dir='ltr'><strong><em>ἁμαρτάνοντες,</em></strong></span> <span class='ocrx_word' id='word_1_75' title='bbox 439 1486 523 1559; x_wconf 92' lang='lat' dir='ltr'>quod</span> <span class='ocrx_word' id='word_1_76' title='bbox 546 1487 617 1560; x_wconf 91' lang='lat' dir='ltr'>ipsa</span> <span class='ocrx_word' id='word_1_77' title='bbox 636 1494 694 1545; x_wconf 81' lang='grc' dir='ltr'>τῶν</span> <span class='ocrx_word' id='word_1_78' title='bbox 714 1483 827 1545; x_wconf 80' lang='grc' dir='ltr'><strong><em>ἀδίκων</em></strong></span> <span class='ocrx_word' id='word_1_79' title='bbox 846 1488 964 1547; x_wconf 90' lang='lat' dir='ltr'>natura</span> <span class='ocrx_word' id='word_1_80' title='bbox 983 1487 1046 1546; x_wconf 85' lang='lat' dir='ltr'>fert</span> <span class='ocrx_word' id='word_1_81' title='bbox 1066 1488 1257 1562; x_wconf 88' lang='lat' dir='ltr'>utpeccent.</span> <span class='ocrx_word' id='word_1_82' title='bbox 1272 1486 1365 1548; x_wconf 74' lang='lat' dir='ltr'>Certe</span> 
     </span>
     <span class='ocr_line' id='line_1_12' title="bbox 188 1595 1365 1677; baseline 0.002 -19"><span class='ocrx_word' id='word_1_83' title='bbox 188 1599 288 1658; x_wconf 87' lang='lat' dir='ltr'>verba</span> <span class='ocrx_word' id='word_1_84' title='bbox 319 1595 424 1676; x_wconf 83' lang='grc' dir='ltr'><strong><em>όιτερβ.</em></strong></span> <span class='ocrx_word' id='word_1_85' title='bbox 458 1595 508 1656; x_wconf 80' lang='grc' dir='ltr'>ταὶ</span> <span class='ocrx_word' id='word_1_86' title='bbox 538 1595 756 1677; x_wconf 75' lang='grc' dir='ltr'><strong><em>ἁμαρτάνοντες</em></strong></span> <span class='ocrx_word' id='word_1_87' title='bbox 788 1600 897 1674; x_wconf 90' lang='lat' dir='ltr'>spuria</span> <span class='ocrx_word' id='word_1_88' title='bbox 929 1601 1015 1660; x_wconf 85' lang='lat' dir='ltr'>sunt.</span> <span class='ocrx_word' id='word_1_89' title='bbox 1047 1600 1147 1660; x_wconf 92' lang='lat' dir='ltr'>Paulo</span> <span class='ocrx_word' id='word_1_90' title='bbox 1170 1601 1244 1674; x_wconf 91' lang='lat' dir='ltr'>post</span> <span class='ocrx_word' id='word_1_91' title='bbox 1267 1602 1365 1660; x_wconf 91' lang='lat' dir='ltr'>verba</span> 
     </span>
     <span class='ocr_line' id='line_1_13' title="bbox 186 1710 1365 1792; baseline 0.005 -23"><span class='ocrx_word' id='word_1_92' title='bbox 186 1711 277 1788; x_wconf 79' lang='grc' dir='ltr'><strong><em>φήσει</em></strong></span> <span class='ocrx_word' id='word_1_93' title='bbox 307 1711 492 1791; x_wconf 77' lang='grc' dir='ltr'><strong><em>λογιζόμενος</em></strong></span> <span class='ocrx_word' id='word_1_94' title='bbox 522 1714 761 1787; x_wconf 87' lang='lat' dir='ltr'>transponenda</span> <span class='ocrx_word' id='word_1_95' title='bbox 792 1715 870 1773; x_wconf 89' lang='lat' dir='ltr'>sunt</span> <span class='ocrx_word' id='word_1_96' title='bbox 900 1716 973 1788; x_wconf 90' lang='lat' dir='ltr'>post</span> <span class='ocrx_word' id='word_1_97' title='bbox 1003 1710 1076 1771; x_wconf 84' lang='grc' dir='ltr'><strong><em>ἀλλὰ</em></strong></span> <span class='ocrx_word' id='word_1_98' title='bbox 1107 1713 1170 1792; x_wconf 88' lang='grc' dir='ltr'><strong><em>γάρ.</em></strong></span> <span class='ocrx_word' id='word_1_99' title='bbox 1194 1713 1256 1773; x_wconf 91' lang='lat' dir='ltr'>Ubi</span> <span class='ocrx_word' id='word_1_100' title='bbox 1280 1730 1365 1776; x_wconf 91' lang='lat' dir='ltr'>nunc</span> 
     </span>
     <span class='ocr_line' id='line_1_14' title="bbox 186 1821 1361 1905; baseline 0 -20"><span class='ocrx_word' id='word_1_101' title='bbox 186 1827 349 1902; x_wconf 84' lang='lat' dir='ltr'>leguntur,</span> <span class='ocrx_word' id='word_1_102' title='bbox 381 1827 456 1886; x_wconf 85' lang='lat' dir='ltr'>ferri</span> <span class='ocrx_word' id='word_1_103' title='bbox 487 1830 661 1905; x_wconf 88' lang='lat' dir='ltr'>nequeunt,</span> <span class='ocrx_word' id='word_1_104' title='bbox 689 1829 772 1901; x_wconf 90' lang='lat' dir='ltr'>quod</span> <span class='ocrx_word' id='word_1_105' title='bbox 797 1829 908 1889; x_wconf 90' lang='lat' dir='ltr'>Herm.</span> <span class='ocrx_word' id='word_1_106' title='bbox 933 1828 1078 1889; x_wconf 89' lang='lat' dir='ltr'>sentiens</span> <span class='ocrx_word' id='word_1_107' title='bbox 1101 1829 1281 1889; x_wconf 87' lang='lat' dir='ltr'>coniecerat</span> <span class='ocrx_word' id='word_1_108' title='bbox 1304 1821 1361 1886; x_wconf 81' lang='grc' dir='ltr'><strong><em>ἀλλ’</em></strong></span> 
     </span>
     <span class='ocr_line' id='line_1_15' title="bbox 188 1935 1364 2020; baseline 0.003 -22"><span class='ocrx_word' id='word_1_109' title='bbox 188 1935 395 2017; x_wconf 79' lang='grc' dir='ltr'><strong><em>ὠφελήσουσιν</em></strong></span> <span class='ocrx_word' id='word_1_110' title='bbox 429 1937 639 2020; x_wconf 76' lang='grc' dir='ltr'><strong><em>ἁγνιζομένους</em></strong></span> <span class='ocrx_word' id='word_1_111' title='bbox 674 1941 708 2000; x_wconf 83' lang='grc' dir='ltr'>αἱ</span> <span class='ocrx_word' id='word_1_112' title='bbox 739 1938 847 2000; x_wconf 79' lang='grc' dir='ltr'><strong><em>τελεταὶ</em></strong></span> <span class='ocrx_word' id='word_1_113' title='bbox 878 1943 928 1999; x_wconf 80' lang='grc' dir='ltr'><strong><em>κτλ</em></strong></span> <span class='ocrx_word' id='word_1_114' title='bbox 959 1941 1102 2012; x_wconf 82' lang='lat' dir='ltr'>(omissis</span> <span class='ocrx_word' id='word_1_115' title='bbox 1134 1957 1209 2001; x_wconf 83' lang='lat' dir='ltr'>cum</span> <span class='ocrx_word' id='word_1_116' title='bbox 1240 1942 1311 2002; x_wconf 84' lang='lat' dir='ltr'>Par.</span> <span class='ocrx_word' id='word_1_117' title='bbox 1336 1945 1364 2001; x_wconf 84' lang='lat' dir='ltr'>A</span> 
     </span>
     <span class='ocr_line' id='line_1_16' title="bbox 189 2045 1365 2135; baseline 0.001 -21"><span class='ocrx_word' id='word_1_118' title='bbox 189 2055 298 2116; x_wconf 88' lang='lat' dir='ltr'>vorbis</span> <span class='ocrx_word' id='word_1_119' title='bbox 320 2045 360 2115; x_wconf 78' lang='grc' dir='ltr'>αὖ</span> <span class='ocrx_word' id='word_1_120' title='bbox 379 2052 452 2135; x_wconf 79' lang='grc' dir='ltr'><strong><em>μέγα</em></strong></span> <span class='ocrx_word' id='word_1_121' title='bbox 474 2053 641 2133; x_wconf 81' lang='grc' dir='ltr'><strong><em>δύνανται),</em></strong></span> <span class='ocrx_word' id='word_1_122' title='bbox 662 2057 747 2129; x_wconf 92' lang='lat' dir='ltr'>quod</span> <span class='ocrx_word' id='word_1_123' title='bbox 766 2056 855 2116; x_wconf 89' lang='lat' dir='ltr'>solus</span> <span class='ocrx_word' id='word_1_124' title='bbox 877 2055 1034 2116; x_wconf 82' lang='lat' dir='ltr'>Schmelz.</span> <span class='ocrx_word' id='word_1_125' title='bbox 1055 2056 1212 2130; x_wconf 88' lang='lat' dir='ltr'>probavit.</span> <span class='ocrx_word' id='word_1_126' title='bbox 1226 2055 1365 2115; x_wconf 90' lang='lat' dir='ltr'>Paulum</span> 
     </span>
     <span class='ocr_line' id='line_1_17' title="bbox 188 2162 1369 2247; baseline 0 -20"><span class='ocrx_word' id='word_1_127' title='bbox 188 2168 286 2228; x_wconf 90' lang='lat' dir='ltr'>aliter</span> <span class='ocrx_word' id='word_1_128' title='bbox 308 2168 348 2231; x_wconf 88' lang='grc'>11.</span> <span class='ocrx_word' id='word_1_129' title='bbox 372 2170 572 2230; x_wconf 88' lang='lat' dir='ltr'>Vermehren</span> <span class='ocrx_word' id='word_1_130' title='bbox 596 2167 690 2247; x_wconf 83' lang='lat' dir='ltr'>(Plat.</span> <span class='ocrx_word' id='word_1_131' title='bbox 721 2170 810 2231; x_wconf 82' lang='lat' dir='ltr'>Stud.</span> <span class='ocrx_word' id='word_1_132' title='bbox 839 2167 935 2247; x_wconf 80' lang='lat'>1870)</span> <span class='ocrx_word' id='word_1_133' title='bbox 960 2170 998 2229; x_wconf 89' lang='lat' dir='ltr'>ci.</span> <span class='ocrx_word' id='word_1_134' title='bbox 1022 2162 1079 2227; x_wconf 82' lang='grc' dir='ltr'><strong><em>ἀλλ’</em></strong></span> <span class='ocrx_word' id='word_1_135' title='bbox 1104 2165 1310 2244; x_wconf 76' lang='grc' dir='ltr'><strong><em>ὠφελήσουσιν</em></strong></span> <span class='ocrx_word' id='word_1_136' title='bbox 1335 2168 1369 2227; x_wconf 83' lang='grc' dir='ltr'>αἱ</span> 
     </span>
     <span class='ocr_line' id='line_1_18' title="bbox 187 2256 1366 2358; baseline 0.003 -19"><span class='ocrx_word' id='word_1_137' title='bbox 187 2279 378 2358; x_wconf 81' lang='grc' dir='ltr'><strong><em>νομιζόμεναι</em></strong></span> <span class='ocrx_word' id='word_1_138' title='bbox 408 2280 516 2342; x_wconf 82' lang='grc' dir='ltr'><strong><em>τελεταὶ</em></strong></span> <span class='ocrx_word' id='word_1_139' title='bbox 547 2287 606 2342; x_wconf 82' lang='grc' dir='ltr'><strong><em>κτλ.</em></strong></span> <span class='ocrx_word' id='word_1_140' title='bbox 638 2283 708 2343; x_wconf 87' lang='lat' dir='ltr'>Mea</span> <span class='ocrx_word' id='word_1_141' title='bbox 738 2284 989 2358; x_wconf 77' lang='lat' dir='ltr'>transpositione</span> <span class='ocrx_word' id='word_1_142' title='bbox 1020 2298 1134 2342; x_wconf 89' lang='lat' dir='ltr'>omnes</span> <span class='ocrx_word' id='word_1_143' title='bbox 1157 2256 1366 2343; x_wconf 83' lang='lat' dir='ltr'>difficultates</span> 
     </span>
     <span class='ocr_line' id='line_1_19' title="bbox 188 2395 1363 2472; baseline 0 -17"><span class='ocrx_word' id='word_1_144' title='bbox 188 2398 397 2472; x_wconf 86' lang='lat' dir='ltr'>evanescunt,</span> <span class='ocrx_word' id='word_1_145' title='bbox 418 2411 556 2470; x_wconf 91' lang='lat' dir='ltr'>quarum</span> <span class='ocrx_word' id='word_1_146' title='bbox 577 2397 724 2456; x_wconf 85' lang='lat' dir='ltr'>maxima</span> <span class='ocrx_word' id='word_1_147' title='bbox 743 2397 823 2457; x_wconf 89' lang='lat' dir='ltr'>haec</span> <span class='ocrx_word' id='word_1_148' title='bbox 838 2399 889 2456; x_wconf 90' lang='lat' dir='ltr'>est</span> <span class='ocrx_word' id='word_1_149' title='bbox 902 2398 939 2456; x_wconf 92' lang='lat' dir='ltr'>ut</span> <span class='ocrx_word' id='word_1_150' title='bbox 950 2396 1129 2456; x_wconf 88' lang='lat' dir='ltr'>iniustitiae</span> <span class='ocrx_word' id='word_1_151' title='bbox 1142 2395 1363 2456; x_wconf 88' lang='lat' dir='ltr'>defensionem</span> 
     </span>
     <span class='ocr_line' id='line_1_20' title="bbox 187 2500 1459 2588; baseline -0.002 -19"><span class='ocrx_word' id='word_1_152' title='bbox 187 2509 385 2569; x_wconf 85' lang='lat' dir='ltr'>Adimantus</span> <span class='ocrx_word' id='word_1_153' title='bbox 410 2510 465 2570; x_wconf 91' lang='lat' dir='ltr'>alii</span> <span class='ocrx_word' id='word_1_154' title='bbox 488 2511 606 2571; x_wconf 91' lang='lat' dir='ltr'>tradat.</span> <span class='ocrx_word' id='word_1_155' title='bbox 631 2510 736 2570; x_wconf 88' lang='lat' dir='ltr'>Verba</span> <span class='ocrx_word' id='word_1_156' title='bbox 760 2500 798 2567; x_wconf 80' lang='grc' dir='ltr'>αὖ</span> <span class='ocrx_word' id='word_1_157' title='bbox 823 2507 896 2588; x_wconf 82' lang='grc' dir='ltr'><strong><em>μέγα</em></strong></span> <span class='ocrx_word' id='word_1_158' title='bbox 920 2509 1065 2568; x_wconf 81' lang='grc' dir='ltr'><strong><em>δύνανται</em></strong></span> <span class='ocrx_word' id='word_1_159' title='bbox 1087 2510 1120 2568; x_wconf 90' lang='lat' dir='ltr'>in</span> <span class='ocrx_word' id='word_1_160' title='bbox 1145 2509 1216 2569; x_wconf 91' lang='lat' dir='ltr'>Par.</span> <span class='ocrx_word' id='word_1_161' title='bbox 1238 2510 1267 2567; x_wconf 86' lang='lat' dir='ltr'>A</span> <span class='ocrx_word' id='word_1_162' title='bbox 1287 2523 1363 2568; x_wconf 91' lang='lat' dir='ltr'>casu</span> <span class='ocrx_word' id='word_1_163' title='bbox 1456 2577 1459 2583; x_wconf 22' lang='lat'>¹</span> 
     </span>
     <span class='ocr_line' id='line_1_21' title="bbox 187 2616 1364 2697; baseline 0.001 -16"><span class='ocrx_word' id='word_1_164' title='bbox 187 2616 349 2683; x_wconf 83' lang='lat' dir='ltr'>excidisse</span> <span class='ocrx_word' id='word_1_165' title='bbox 373 2624 473 2683; x_wconf 86' lang='lat' dir='ltr'>etiarn</span> <span class='ocrx_word' id='word_1_166' title='bbox 497 2623 656 2697; x_wconf 87' lang='lat' dir='ltr'>Madvigio</span> <span class='ocrx_word' id='word_1_167' title='bbox 680 2624 751 2683; x_wconf 91' lang='lat' dir='ltr'>visa</span> <span class='ocrx_word' id='word_1_168' title='bbox 775 2625 862 2684; x_wconf 90' lang='lat' dir='ltr'>sunt.</span> <span class='ocrx_word' id='word_1_169' title='bbox 885 2657 924 2665; x_wconf 94' lang='lat'>-</span> <span class='ocrx_word' id='word_1_170' title='bbox 946 2623 1142 2689; x_wconf 90' lang='lat' dir='ltr'>Pauloante</span> <span class='ocrx_word' id='word_1_171' title='bbox 1163 2623 1272 2682; x_wconf 86' lang='lat' dir='ltr'>Baiter</span> <span class='ocrx_word' id='word_1_172' title='bbox 1291 2622 1364 2682; x_wconf 91' lang='lat' dir='ltr'>dub.</span> 
     </span>
     <span class='ocr_line' id='line_1_22' title="bbox 189 2731 1366 2825; baseline 0 -30"><span class='ocrx_word' id='word_1_173' title='bbox 189 2735 228 2795; x_wconf 82' lang='lat' dir='ltr'>ci.</span> <span class='ocrx_word' id='word_1_174' title='bbox 254 2731 274 2812; x_wconf 74' lang='lat' dir='ltr'>i)</span> <span class='ocrx_word' id='word_1_175' title='bbox 296 2733 380 2795; x_wconf 78' lang='grc' dir='ltr'><strong><em>αὐτοί</em></strong></span> <span class='ocrx_word' id='word_1_176' title='bbox 407 2733 463 2814; x_wconf 53' lang='lat' dir='ltr'>&lt;t</span> <span class='ocrx_word' id='word_1_177' title='bbox 482 2736 621 2825; x_wconf 62' lang='lat' dir='ltr'>ostdag&gt;</span> <span class='ocrx_word' id='word_1_178' title='bbox 647 2733 664 2814; x_wconf 75' lang='grc' dir='ltr'><strong><em>ἣ</em></strong></span> <span class='ocrx_word' id='word_1_179' title='bbox 683 2737 787 2808; x_wconf 82' lang='grc' dir='ltr'><strong><em>παῖδες</em></strong></span> <span class='ocrx_word' id='word_1_180' title='bbox 799 2736 926 2812; x_wconf 82' lang='grc' dir='ltr'><strong><em>παίδων,</em></strong></span> <span class='ocrx_word' id='word_1_181' title='bbox 943 2737 1040 2812; x_wconf 82' lang='lat' dir='ltr'>male,</span> <span class='ocrx_word' id='word_1_182' title='bbox 1053 2752 1130 2797; x_wconf 84' lang='lat' dir='ltr'>nam</span> <span class='ocrx_word' id='word_1_183' title='bbox 1145 2736 1251 2796; x_wconf 86' lang='lat' dir='ltr'>verbis</span> <span class='ocrx_word' id='word_1_184' title='bbox 1262 2736 1366 2808; x_wconf 81' lang='grc' dir='ltr'><strong><em>παῖδες</em></strong></span> 
     </span>
     <span class='ocr_line' id='line_1_23' title="bbox 186 2847 1365 2926; baseline 0.005 -21"><span class='ocrx_word' id='word_1_185' title='bbox 186 2847 306 2907; x_wconf 75' lang='grc' dir='ltr'><strong><em>παίδων</em></strong></span> <span class='ocrx_word' id='word_1_186' title='bbox 328 2850 487 2925; x_wconf 81' lang='lat' dir='ltr'>„posteri”</span> <span class='ocrx_word' id='word_1_187' title='bbox 502 2851 533 2920; x_wconf 90' lang='lat' dir='ltr'>(i.</span> <span class='ocrx_word' id='word_1_188' title='bbox 547 2850 688 2922; x_wconf 79' lang='lat' dir='ltr'>eliberi,</span> <span class='ocrx_word' id='word_1_189' title='bbox 702 2853 845 2926; x_wconf 88' lang='lat' dir='ltr'>nepotes,</span> <span class='ocrx_word' id='word_1_190' title='bbox 859 2854 920 2919; x_wconf 85' lang='lat' dir='ltr'>etc)</span> <span class='ocrx_word' id='word_1_191' title='bbox 932 2851 1132 2924; x_wconf 89' lang='lat' dir='ltr'>indicantur;</span> <span class='ocrx_word' id='word_1_192' title='bbox 1154 2865 1228 2910; x_wconf 91' lang='lat' dir='ltr'>cum</span> <span class='ocrx_word' id='word_1_193' title='bbox 1240 2851 1269 2911; x_wconf 86' lang='lat' dir='ltr'>N</span> <span class='ocrx_word' id='word_1_194' title='bbox 1270 2851 1365 2912; x_wconf 90' lang='lat' dir='ltr'>abero</span> 
     </span>
     <span class='ocr_line' id='line_1_24' title="bbox 133 2956 1366 3045; baseline 0.001 -23"><span class='ocrx_word' id='word_1_195' title='bbox 133 2965 163 3030; x_wconf 86' lang='lat' dir='ltr'>B</span> <span class='ocrx_word' id='word_1_196' title='bbox 189 2960 266 3040; x_wconf 85' lang='lat' dir='ltr'>(Mn.</span> <span class='ocrx_word' id='word_1_197' title='bbox 291 2962 387 3042; x_wconf 79' lang='lat'><strong>1878)</strong></span> <span class='ocrx_word' id='word_1_198' title='bbox 408 2967 519 3025; x_wconf 80' lang='lat' dir='ltr'>autem</span> <span class='ocrx_word' id='word_1_199' title='bbox 538 2965 698 3025; x_wconf 77' lang='lat' dir='ltr'>scribatur</span> <span class='ocrx_word' id='word_1_200' title='bbox 717 2963 767 3024; x_wconf 84' lang='grc' dir='ltr'><strong><em>καλ</em></strong></span> <span class='ocrx_word' id='word_1_201' title='bbox 787 2963 872 3025; x_wconf 80' lang='grc' dir='ltr'><strong><em>αὐτοὶ</em></strong></span> <span class='ocrx_word' id='word_1_202' title='bbox 892 2962 940 3024; x_wconf 83' lang='grc' dir='ltr'><strong><em>κοιλ</em></strong></span> <span class='ocrx_word' id='word_1_203' title='bbox 962 2965 1066 3036; x_wconf 77' lang='grc' dir='ltr'><strong><em>παῖδες</em></strong></span> <span class='ocrx_word' id='word_1_204' title='bbox 1078 2986 1108 3023; x_wconf 82' lang='grc' dir='ltr'>π.</span> <span class='ocrx_word' id='word_1_205' title='bbox 1121 2968 1178 3023; x_wconf 81' lang='grc' dir='ltr'><strong><em>κτλ.</em></strong></span> <span class='ocrx_word' id='word_1_206' title='bbox 1197 2956 1216 3045; x_wconf 82' lang='grc' dir='ltr'>ΙΙ</span> <span class='ocrx_word' id='word_1_207' title='bbox 1238 2965 1366 3037; x_wconf 80' lang='lat' dir='ltr'>Madvig</span> 
     </span>
     <span class='ocr_line' id='line_1_25' title="bbox 188 3057 1364 3158; baseline 0.001 -22"><span class='ocrx_word' id='word_1_208' title='bbox 188 3073 357 3151; x_wconf 83' lang='lat' dir='ltr'>(probante</span> <span class='ocrx_word' id='word_1_209' title='bbox 391 3075 487 3155; x_wconf 85' lang='lat' dir='ltr'>Bait.)</span> <span class='ocrx_word' id='word_1_210' title='bbox 521 3079 641 3138; x_wconf 86' lang='lat' dir='ltr'>delevit</span> <span class='ocrx_word' id='word_1_211' title='bbox 671 3081 744 3153; x_wconf 90' lang='lat' dir='ltr'>post</span> <span class='ocrx_word' id='word_1_212' title='bbox 775 3079 929 3158; x_wconf 89' lang='grc' dir='ltr'><strong><em>γενόμενοι</em></strong></span> <span class='ocrx_word' id='word_1_213' title='bbox 960 3094 1137 3154; x_wconf 90' lang='lat' dir='ltr'>pronomen</span> <span class='ocrx_word' id='word_1_214' title='bbox 1161 3076 1199 3153; x_wconf 82' lang='grc' dir='ltr'><strong><em>οἵ,</em></strong></span> <span class='ocrx_word' id='word_1_215' title='bbox 1223 3057 1364 3152; x_wconf 57' lang='lat' dir='ltr'>optima</span> 
     </span>
     <span class='ocr_line' id='line_1_26' title="bbox 187 3191 1365 3266; baseline -0.008 -10"><span class='ocrx_word' id='word_1_216' title='bbox 187 3192 449 3256; x_wconf 87' lang='lat' dir='ltr'>emendationem</span> <span class='ocrx_word' id='word_1_217' title='bbox 485 3191 632 3266; x_wconf 89' lang='lat' dir='ltr'>perficies</span> <span class='ocrx_word' id='word_1_218' title='bbox 663 3195 691 3253; x_wconf 94' lang='lat' dir='ltr'>si</span> <span class='ocrx_word' id='word_1_219' title='bbox 724 3209 852 3254; x_wconf 89' lang='lat' dir='ltr'>mecum</span> <span class='ocrx_word' id='word_1_220' title='bbox 884 3194 1050 3254; x_wconf 89' lang='lat' dir='ltr'>induxeris</span> <span class='ocrx_word' id='word_1_221' title='bbox 1083 3193 1180 3252; x_wconf 89' lang='lat' dir='ltr'>verba</span> <span class='ocrx_word' id='word_1_222' title='bbox 1203 3201 1260 3250; x_wconf 81' lang='grc' dir='ltr'>τόν</span> <span class='ocrx_word' id='word_1_223' title='bbox 1283 3195 1365 3248; x_wconf 78' lang='grc' dir='ltr'><strong><em>θεῶν</em></strong></span> 
     </span>
     <span class='ocr_line' id='line_1_27' title="bbox 185 3304 1364 3387; baseline -0.002 -21"><span class='ocrx_word' id='word_1_224' title='bbox 185 3304 352 3387; x_wconf 88' lang='grc' dir='ltr'><strong><em>γενόμενοι,</em></strong></span> <span class='ocrx_word' id='word_1_225' title='bbox 382 3306 466 3378; x_wconf 92' lang='lat' dir='ltr'>quod</span> <span class='ocrx_word' id='word_1_226' title='bbox 496 3308 567 3366; x_wconf 92' lang='lat' dir='ltr'>tam</span> <span class='ocrx_word' id='word_1_227' title='bbox 597 3304 718 3383; x_wconf 83' lang='grc' dir='ltr'><strong><em>τισιηταλ</em></strong></span> <span class='ocrx_word' id='word_1_228' title='bbox 741 3321 839 3380; x_wconf 91' lang='lat' dir='ltr'>quam</span> <span class='ocrx_word' id='word_1_229' title='bbox 863 3315 1014 3384; x_wconf 73' lang='grc' dir='ltr'><strong><em>προφῆται</em></strong></span> <span class='ocrx_word' id='word_1_230' title='bbox 1038 3307 1171 3366; x_wconf 90' lang='lat' dir='ltr'>deorum</span> <span class='ocrx_word' id='word_1_231' title='bbox 1196 3304 1253 3364; x_wconf 84' lang='lat' dir='ltr'>filii</span> <span class='ocrx_word' id='word_1_232' title='bbox 1278 3305 1364 3364; x_wconf 91' lang='lat' dir='ltr'>sunt.</span> 
     </span>
     <span class='ocr_line' id='line_1_28' title="bbox 186 3408 1363 3494; baseline -0.006 -12"><span class='ocrx_word' id='word_1_233' title='bbox 186 3421 366 3494; x_wconf 92' lang='lat' dir='ltr'>Postquam</span> <span class='ocrx_word' id='word_1_234' title='bbox 391 3419 448 3479; x_wconf 95' lang='lat' dir='ltr'>illa</span> <span class='ocrx_word' id='word_1_235' title='bbox 470 3420 534 3480; x_wconf 89' lang='lat' dir='ltr'>tria</span> <span class='ocrx_word' id='word_1_236' title='bbox 557 3408 655 3481; x_wconf 72' lang='lat' dir='ltr'>uerba</span> <span class='ocrx_word' id='word_1_237' title='bbox 678 3422 711 3480; x_wconf 93' lang='lat' dir='ltr'>in</span> <span class='ocrx_word' id='word_1_238' title='bbox 734 3423 865 3481; x_wconf 89' lang='lat' dir='ltr'>textum</span> <span class='ocrx_word' id='word_1_239' title='bbox 886 3421 1092 3494; x_wconf 85' lang='lat' dir='ltr'>irrepserant,</span> <span class='ocrx_word' id='word_1_240' title='bbox 1113 3420 1278 3493; x_wconf 90' lang='lat' dir='ltr'>postrema</span> <span class='ocrx_word' id='word_1_241' title='bbox 1297 3431 1363 3490; x_wconf 90' lang='lat' dir='ltr'>par·</span> 
     </span>
     <span class='ocr_line' id='line_1_29' title="bbox 188 3532 1366 3608; baseline -0.002 -14"><span class='ocrx_word' id='word_1_242' title='bbox 188 3532 291 3607; x_wconf 90' lang='lat' dir='ltr'>ticipii</span> <span class='ocrx_word' id='word_1_243' title='bbox 313 3533 439 3606; x_wconf 85' lang='lat' dir='ltr'>syllaba</span> <span class='ocrx_word' id='word_1_244' title='bbox 459 3534 624 3607; x_wconf 86' lang='lat' dir='ltr'>geminata</span> <span class='ocrx_word' id='word_1_245' title='bbox 645 3536 705 3595; x_wconf 87' lang='lat' dir='ltr'>est.</span> <span class='ocrx_word' id='word_1_246' title='bbox 727 3569 768 3578; x_wconf 92' lang='lat'><em>-</em></span> <span class='ocrx_word' id='word_1_247' title='bbox 789 3535 866 3594; x_wconf 92' lang='lat' dir='ltr'>Post</span> <span class='ocrx_word' id='word_1_248' title='bbox 884 3549 986 3608; x_wconf 90' lang='lat' dir='ltr'>pauca</span> <span class='ocrx_word' id='word_1_249' title='bbox 1006 3533 1229 3606; x_wconf 84' lang='lat' dir='ltr'>corrigendum</span> <span class='ocrx_word' id='word_1_250' title='bbox 1250 3547 1366 3592; x_wconf 84' lang='lat' dir='ltr'>censeo</span> 
     </span>
     <span class='ocr_line' id='line_1_30' title="bbox 191 3645 1365 3725; baseline -0.002 -19"><span class='ocrx_word' id='word_1_251' title='bbox 191 3652 316 3724; x_wconf 77' lang='grc' dir='ltr'><strong><em>&lt;τῆς&gt;</em></strong></span> <span class='ocrx_word' id='word_1_252' title='bbox 354 3646 498 3725; x_wconf 79' lang='grc' dir='ltr'><strong><em>μεγίστης.</em></strong></span> <span class='ocrx_word' id='word_1_253' title='bbox 534 3647 607 3707; x_wconf 80' lang='lat' dir='ltr'>Mox</span> <span class='ocrx_word' id='word_1_254' title='bbox 642 3649 756 3708; x_wconf 86' lang='lat' dir='ltr'>malim</span> <span class='ocrx_word' id='word_1_255' title='bbox 787 3645 826 3719; x_wconf 84' lang='grc' dir='ltr'>ὡς</span> <span class='ocrx_word' id='word_1_256' title='bbox 858 3645 873 3707; x_wconf 85' lang='grc' dir='ltr'>ὁ</span> <span class='ocrx_word' id='word_1_257' title='bbox 908 3645 1039 3716; x_wconf 82' lang='grc' dir='ltr'>&lt;ὑπὸ&gt;</span> <span class='ocrx_word' id='word_1_258' title='bbox 1066 3655 1125 3705; x_wconf 84' lang='grc' dir='ltr'>τῶν</span> <span class='ocrx_word' id='word_1_259' title='bbox 1148 3649 1265 3704; x_wconf 80' lang='grc' dir='ltr'><strong><em>πολλῶν</em></strong></span> <span class='ocrx_word' id='word_1_260' title='bbox 1290 3650 1365 3720; x_wconf 83' lang='grc' dir='ltr'><strong><em>κτλ.;</em></strong></span> 
     </span>
     <span class='ocr_line' id='line_1_31' title="bbox 187 3754 1362 3840; baseline -0.002 -19"><span class='ocrx_word' id='word_1_261' title='bbox 187 3761 303 3836; x_wconf 92' lang='lat' dir='ltr'>quodsi</span> <span class='ocrx_word' id='word_1_262' title='bbox 337 3761 531 3836; x_wconf 88' lang='lat' dir='ltr'>praepositio</span> <span class='ocrx_word' id='word_1_263' title='bbox 563 3762 725 3821; x_wconf 90' lang='lat' dir='ltr'>omittitur</span> <span class='ocrx_word' id='word_1_264' title='bbox 755 3764 795 3822; x_wconf 90' lang='lat' dir='ltr'>ad</span> <span class='ocrx_word' id='word_1_265' title='bbox 824 3760 977 3840; x_wconf 85' lang='grc' dir='ltr'><strong><em>λεγόμενος</em></strong></span> <span class='ocrx_word' id='word_1_266' title='bbox 1008 3776 1122 3835; x_wconf 87' lang='lat' dir='ltr'>parurn</span> <span class='ocrx_word' id='word_1_267' title='bbox 1155 3762 1292 3820; x_wconf 89' lang='lat' dir='ltr'>venuste</span> <span class='ocrx_word' id='word_1_268' title='bbox 1316 3754 1362 3818; x_wconf 79' lang='grc' dir='ltr'>ὑπ’</span> 
     </span>
     <span class='ocr_line' id='line_1_32' title="bbox 133 3866 1368 3957; baseline -0.004 -20"><span class='ocrx_word' id='word_1_269' title='bbox 133 3872 261 3952; x_wconf 56' lang='lat' dir='ltr'>oscos</span> <span class='ocrx_word' id='word_1_270' title='bbox 291 3875 508 3950; x_wconf 89' lang='lat' dir='ltr'>supplendum</span> <span class='ocrx_word' id='word_1_271' title='bbox 540 3875 610 3935; x_wconf 90' lang='lat' dir='ltr'>erit.</span> <span class='ocrx_word' id='word_1_272' title='bbox 636 3866 655 3957; x_wconf 87' lang='grc' dir='ltr'>ΙΙ</span> <span class='ocrx_word' id='word_1_273' title='bbox 679 3875 764 3935; x_wconf 87' lang='lat' dir='ltr'>Astii</span> <span class='ocrx_word' id='word_1_274' title='bbox 780 3868 802 3951; x_wconf 85' lang='lat'>¹)</span> <span class='ocrx_word' id='word_1_275' title='bbox 834 3877 894 3935; x_wconf 75' lang='lat' dir='ltr'>cam</span> <span class='ocrx_word' id='word_1_276' title='bbox 916 3873 946 3934; x_wconf 85' lang='grc' dir='ltr'>εἴ</span> <span class='ocrx_word' id='word_1_277' title='bbox 968 3897 1009 3946; x_wconf 85' lang='grc' dir='ltr'>τις</span> <span class='ocrx_word' id='word_1_278' title='bbox 1043 3872 1163 3946; x_wconf 85' lang='grc' dir='ltr'>&lt;ιια1&gt;</span> <span class='ocrx_word' id='word_1_279' title='bbox 1199 3872 1255 3951; x_wconf 74' lang='grc' dir='ltr'><strong><em>ἔχει</em></strong></span> <span class='ocrx_word' id='word_1_280' title='bbox 1283 3871 1368 3950; x_wconf 91' lang='lat' dir='ltr'>(post</span> 
     </span>
     <span class='ocr_line' id='line_1_33' title="bbox 187 3985 1366 4062; baseline -0.003 -13"><span class='ocrx_word' id='word_1_281' title='bbox 187 3987 250 4049; x_wconf 78' lang='grc' dir='ltr'>τΙΟ</span> <span class='ocrx_word' id='word_1_282' title='bbox 266 3989 421 4049; x_wconf 85' lang='lat' dir='ltr'>facillime</span> <span class='ocrx_word' id='word_1_283' title='bbox 440 3989 527 4049; x_wconf 91' lang='lat' dir='ltr'>vocis</span> <span class='ocrx_word' id='word_1_284' title='bbox 548 3985 597 4046; x_wconf 83' lang='grc' dir='ltr'>ναὶ</span> <span class='ocrx_word' id='word_1_285' title='bbox 617 3989 842 4062; x_wconf 89' lang='lat' dir='ltr'>compendium</span> <span class='ocrx_word' id='word_1_286' title='bbox 863 3990 895 4050; x_wconf 89' lang='lat' dir='ltr'>in</span> <span class='ocrx_word' id='word_1_287' title='bbox 916 3990 1075 4062; x_wconf 90' lang='lat' dir='ltr'>scriptura</span> <span class='ocrx_word' id='word_1_288' title='bbox 1087 3988 1206 4048; x_wconf 87' lang='lat' dir='ltr'>unciali</span> <span class='ocrx_word' id='word_1_289' title='bbox 1219 3988 1366 4048; x_wconf 87' lang='lat' dir='ltr'>excidere</span> 
     </span>
     <span class='ocr_line' id='line_1_34' title="bbox 188 4099 1367 4181; baseline -0.003 -18"><span class='ocrx_word' id='word_1_290' title='bbox 188 4099 307 4181; x_wconf 83' lang='lat' dir='ltr'>potuit)</span> <span class='ocrx_word' id='word_1_291' title='bbox 342 4102 539 4176; x_wconf 91' lang='lat' dir='ltr'>probandam</span> <span class='ocrx_word' id='word_1_292' title='bbox 575 4118 701 4178; x_wconf 92' lang='lat' dir='ltr'>censeo,</span> <span class='ocrx_word' id='word_1_293' title='bbox 733 4103 816 4176; x_wconf 93' lang='lat' dir='ltr'>quod</span> <span class='ocrx_word' id='word_1_294' title='bbox 848 4101 878 4161; x_wconf 81' lang='grc' dir='ltr'>εἴ</span> <span class='ocrx_word' id='word_1_295' title='bbox 906 4125 947 4173; x_wconf 86' lang='grc' dir='ltr'>τις</span> <span class='ocrx_word' id='word_1_296' title='bbox 979 4100 1034 4180; x_wconf 75' lang='grc' dir='ltr'><strong><em>ἔχει</em></strong></span> <span class='ocrx_word' id='word_1_297' title='bbox 1063 4117 1177 4175; x_wconf 91' lang='lat' dir='ltr'>parum</span> <span class='ocrx_word' id='word_1_298' title='bbox 1209 4101 1316 4161; x_wconf 86' lang='lat' dir='ltr'>differt</span> <span class='ocrx_word' id='word_1_299' title='bbox 1347 4115 1367 4159; x_wconf 90' lang='lat' dir='ltr'>a</span> 
     </span>
     <span class='ocr_line' id='line_1_35' title="bbox 131 4206 1366 4297; baseline -0.002 -21"><span class='ocrx_word' id='word_1_300' title='bbox 131 4225 163 4290; x_wconf 75' lang='grc' dir='ltr'>ι)</span> <span class='ocrx_word' id='word_1_301' title='bbox 192 4217 427 4292; x_wconf 79' lang='lat' dir='ltr'>„quicunque”</span> <span class='ocrx_word' id='word_1_302' title='bbox 460 4217 511 4276; x_wconf 83' lang='lat' dir='ltr'>Sic</span> <span class='ocrx_word' id='word_1_303' title='bbox 543 4219 633 4278; x_wconf 90' lang='lat' dir='ltr'>verto</span> <span class='ocrx_word' id='word_1_304' title='bbox 668 4218 738 4292; x_wconf 86' lang='lat' dir='ltr'>,Ita</span> <span class='ocrx_word' id='word_1_305' title='bbox 767 4219 814 4292; x_wconf 92' lang='lat' dir='ltr'>ut,</span> <span class='ocrx_word' id='word_1_306' title='bbox 846 4217 922 4277; x_wconf 90' lang='lat' dir='ltr'>licet</span> <span class='ocrx_word' id='word_1_307' title='bbox 952 4216 1069 4289; x_wconf 91' lang='lat' dir='ltr'>aliquis</span> <span class='ocrx_word' id='word_1_308' title='bbox 1093 4216 1176 4275; x_wconf 90' lang='lat' dir='ltr'>etc.’&#39;</span> <span class='ocrx_word' id='word_1_309' title='bbox 1201 4206 1220 4297; x_wconf 83' lang='grc' dir='ltr'>ΙΙ</span> <span class='ocrx_word' id='word_1_310' title='bbox 1247 4215 1366 4273; x_wconf 90' lang='lat' dir='ltr'>Parum</span> 
     </span>
     <span class='ocr_line' id='line_1_36' title="bbox 185 4320 1366 4406; baseline -0.004 -13"><span class='ocrx_word' id='word_1_311' title='bbox 185 4333 276 4393; x_wconf 86' lang='lat' dir='ltr'>recte</span> <span class='ocrx_word' id='word_1_312' title='bbox 300 4331 419 4398; x_wconf 80' lang='lat' dir='ltr'>,Stallb</span> <span class='ocrx_word' id='word_1_313' title='bbox 453 4333 485 4390; x_wconf 91' lang='lat' dir='ltr'>et</span> <span class='ocrx_word' id='word_1_314' title='bbox 515 4332 598 4391; x_wconf 90' lang='lat' dir='ltr'>Bait.</span> <span class='ocrx_word' id='word_1_315' title='bbox 630 4331 883 4406; x_wconf 90' lang='lat' dir='ltr'>imprimendum</span> <span class='ocrx_word' id='word_1_316' title='bbox 908 4334 1061 4392; x_wconf 91' lang='lat' dir='ltr'>curarunt</span> <span class='ocrx_word' id='word_1_317' title='bbox 1086 4329 1129 4389; x_wconf 87' lang='grc' dir='ltr'>ότι</span> <span class='ocrx_word' id='word_1_318' title='bbox 1145 4320 1193 4387; x_wconf 79' lang='grc' dir='ltr'><strong>Ὦ</strong></span> <span class='ocrx_word' id='word_1_319' title='bbox 1216 4329 1366 4406; x_wconf 81' lang='grc' dir='ltr'><strong><em>θαυμάσιε</em></strong></span> 
     </span>
    </p>
   </div>
   <div class='ocr_carea' id='block_1_5' title="bbox 201 4481 417 4492">
    <p class='ocr_par' dir='ltr' id='par_1_5' title="bbox 201 4481 417 4492">
     <span class='ocr_line' id='line_1_37' title="bbox 201 4481 417 4492; baseline -0.005 -3"><span class='ocrx_word' id='word_1_320' title='bbox 201 4482 287 4492; x_wconf 56' lang='grc' dir='ltr'><strong><em>,κ--ι</em></strong></span> <span class='ocrx_word' id='word_1_321' title='bbox 292 4482 332 4489; x_wconf 73' lang='lat'><em>--..</em></span> <span class='ocrx_word' id='word_1_322' title='bbox 347 4481 417 4488; x_wconf 62' lang='grc' dir='ltr'><strong><em>..ι-...ι</em></strong></span> 
     </span>
    </p>
   </div>
   <div class='ocr_carea' id='block_1_6' title="bbox 223 4575 756 4638">
    <p class='ocr_par' dir='ltr' id='par_1_6' title="bbox 223 4575 756 4638">
     <span class='ocr_line' id='line_1_38' title="bbox 223 4575 756 4638; baseline -0.008 -12"><span class='ocrx_word' id='word_1_323' title='bbox 223 4575 242 4637; x_wconf 83' lang='lat'>¹)</span> <span class='ocrx_word' id='word_1_324' title='bbox 260 4577 375 4626; x_wconf 83' lang='lat' dir='ltr'>Ooniccit</span> <span class='ocrx_word' id='word_1_325' title='bbox 392 4581 525 4638; x_wconf 83' lang='lat' dir='ltr'>praeterea</span> <span class='ocrx_word' id='word_1_326' title='bbox 544 4579 580 4624; x_wconf 81' lang='grc' dir='ltr'><strong><em>κτλ</em></strong></span> <span class='ocrx_word' id='word_1_327' title='bbox 594 4593 627 4631; x_wconf 79' lang='grc' dir='ltr'>τις</span> <span class='ocrx_word' id='word_1_328' title='bbox 644 4579 692 4638; x_wconf 79' lang='grc' dir='ltr'><strong><em>όχιι</em></strong></span> <span class='ocrx_word' id='word_1_329' title='bbox 711 4582 756 4623; x_wconf 84' lang='grc' dir='ltr'><strong><em>κτλ.</em></strong></span> 
     </span>
    </p>
   </div>
   <div class='ocr_carea' id='block_1_7' title="bbox 0 0 1513 5018">
    <p class='ocr_par' dir='ltr' id='par_1_7' title="bbox 0 0 1513 5018">
     <span class='ocr_line' id='line_1_39' title="bbox 0 0 1513 5018; baseline 0 0"><span class='ocrx_word' id='word_1_330' title='bbox 0 0 1513 5018; x_wconf 95' lang='lat' dir='ltr'> </span> 
     </span>
    </p>
   </div>
  </div>
 </body>
</html>
