3000 5018
563 260 672 362 ὀι

63 490 222 551 nonnulla
241 488 431 562 antiquioris
450 489 579 548 Atticae
599 490 728 562 linguae
746 491 872 563 propria
892 491 1070 565 relinquere
1083 493 1235 553 noluisse.

10 593 42 661 A
113 603 174 663 Pro
193 598 295 680 ἑτέραν
315 601 403 661 codd.
423 602 452 659 A
473 603 505 661 et
527 603 557 658 ll
567 598 649 679 ἑτέρα
670 603 727 671 (sic
747 617 861 662 omnes
873 602 963 664 editt.
977 605 1069 663 Astio
1082 607 1236 681 excepto),

63 717 150 790 quod
173 731 238 776 non
261 715 470 790 probandum,
494 715 570 787 quia
593 715 720 775 facilius
743 711 842 792 φαμὲν
861 717 931 776 sive
952 714 1028 792 φημὶ
1049 733 1148 790 quam
1160 715 1238 776 ἐστὶν

63 831 177 890 τοσαῦθ
196 829 373 904 suppletur.
394 828 631 888 Herwerdenus
650 828 724 898 (Mn.
749 828 844 898 1883)
864 825 965 906 ἑτέραν
982 830 1087 890 delere
1100 831 1237 907 mavult,

62 943 150 1016 quod
180 941 322 1015 alioquin
353 941 444 1001 Plato
481 941 602 1022 <τῷ>
636 937 737 1019 ἑτέραν
768 941 820 1001 vel
851 938 952 1020 έτέραν
985 942 1065 1024 <roi
1093 940 1235 1021 ἑτέραν)

63 1055 260 1130 scripsisset.
292 1055 426 1127 Egregie
457 1055 506 1114 vir
535 1054 574 1115 cl.
608 1055 695 1114 errat
717 1055 836 1129 putans
860 1055 1038 1130 Platonem,
1065 1056 1120 1128 qui
1142 1057 1237 1115 Thra·

64 1167 262 1242 symachum
285 1167 527 1244 monosyllabis,
552 1169 589 1227 ut
612 1168 830 1228 Franco-Galli
850 1169 970 1243 dicunt,
990 1170 1238 1242 respondentem

64 1282 154 1358 iacit,
182 1282 303 1364 (τῷ)
329 1278 430 1359 ἑτέραν
454 1281 506 1341 vel
529 1277 629 1359 ἑτέραν
656 1282 736 1365 <τρῦ
760 1279 902 1360 ἑτέραν)
928 1282 1067 1343 scribere
1084 1284 1236 1356 potuisse.

10 1392 42 1457 B
66 1397 113 1457 At
150 1395 255 1456 eidem
291 1410 404 1455 vocem
442 1392 543 1474 ἑτέραν
584 1394 704 1455 delenti
738 1396 907 1455 assentior.
940 1386 960 1477 ΙΙ
991 1395 1113 1455 Deterr.
1149 1397 1237 1456 codd.

64 1510 239 1570 lectionem
263 1505 368 1567 διὰτὸ
391 1504 550 1586 ξυμφέρειν
573 1511 641 1581 (pro
664 1506 690 1566 d.
715 1529 736 1565 ι.
760 1504 923 1585 ξυμφέρον)
944 1511 1031 1569 recte
1050 1512 1239 1584 receperunt

64 1637 182 1683 omnes
204 1623 295 1683 editt.
319 1621 523 1692 (Schneidero
546 1623 580 1681 et
599 1621 711 1682 Stallb.
732 1618 900 1695 exceptis).
921 1622 1011 1682 Licet
1029 1622 1133 1683 dicere
1152 1620 1238 1701 ὑγιὴς

63 1735 200 1816 γίγνηται
228 1732 290 1807 [διὰ
316 1733 361 1806 τὸ]
386 1731 536 1812 ξυμφέρον
560 1737 617 1794 aut
640 1732 744 1794 διὰτὸ
768 1732 938 1812 ξυμφέρειν,
959 1741 994 1796 at
1016 1737 1150 1796 tertium
1173 1751 1237 1796 non

64 1850 171 1911 datur.
201 1883 240 1894 -
265 1850 362 1910 Illam
384 1848 568 1926 μισθωτικὴν
590 1846 695 1928 τέχνην
718 1850 853 1910 eandem
878 1865 950 1910 esse
973 1866 1010 1910 ae
1034 1847 1088 1925 τὴν
1111 1854 1238 1928 μισθαρ-

64 1961 191 2040 νιμιινὴν
217 1964 350 2038 apparet
373 1979 415 2024 ox
437 1964 543 2024 hisce:
567 1964 600 2022 in
624 1964 649 2023 B
673 1963 706 2022 in
729 1977 832 2036 aequo
854 1965 1025 2039 ponuntur,
1050 1964 1089 2023 cf.
1114 1959 1186 2022 οὐδέ
1207 1957 1235 2041 γ’

64 2069 149 2154 οἶμαι
171 2074 226 2153 τὴν
248 2073 433 2155 μισθωτικὴν
457 2076 590 2156 ἰατρικήν
603 2111 640 2118 -
658 2074 712 2153 τὴν
736 2074 870 2154 ἰατρικὴν
892 2075 1139 2153 μισθαρνητικήν,
1162 2076 1239 2137 ind

65 2184 180 2267 (φαμὲν
210 2186 243 2249 δέ
271 2210 304 2269 με
327 2188 359 2249 τὸ
386 2187 497 2266 μισθὸν
520 2187 790 2269 ἄρνυμὲνουςκτλ)
814 2188 846 2248 τὸ
866 2186 978 2266 μισθὸν
1001 2184 1153 2266 ἄρνυσθαι
1175 2206 1238 2249 non

64 2303 174 2365 differt
216 2318 236 2363 a
278 2312 314 2386 τῇ
354 2308 530 2386 μισθωτικῇ,
570 2304 603 2363 in
638 2303 664 2362 D
699 2298 718 2378 ἡ
754 2299 972 2379 μισθαρνητικὴ
1008 2299 1119 2378 μισθὸν
1153 2306 1240 2377 ιτοιεῐ,

66 2417 154 2477 sicut
182 2416 215 2476 in
243 2417 272 2476 Α
294 2411 313 2492 ἡ
337 2414 502 2492 μισθωτικὴ
526 2413 637 2492 μισθὸν
659 2412 821 2493 παρέχεται.
845 2417 939 2489 Apud
962 2415 1043 2475 alios
1066 2416 1239 2489 scriptores

67 2529 261 2590 vocabulum
295 2544 359 2590 non
394 2530 538 2590 recurrit.
574 2529 773 2588 Adverbium
807 2532 992 2604 μισθωτιιιῦς
1025 2529 1156 2588 obvium
1188 2544 1237 2601 ap.

64 2643 276 2704 Eustathium
305 2642 419 2716 Odyss.
443 2658 473 2717 p.
501 2644 595 2717 1695,
620 2643 672 2702 35.
696 2641 797 2701 Valde
820 2641 919 2700 miror
943 2640 1110 2701 Platonem
1135 2641 1239 2701 eidem
1319 2625 1322 2629 ¹

11 2749 41 2816 u
65 2757 114 2817 rei
137 2757 200 2817 duo
222 2756 355 2817 nomina
377 2757 541 2816 indidisse.
563 2748 583 2838 ΙΙ
603 2756 687 2828 Lege
707 2764 742 2837 τῇ
761 2759 926 2837 μισθωτικῇ
950 2750 1066 2836 [τέχνρ].
1088 2745 1107 2836 ΙΙ
1129 2753 1243 2814 darere

67 2884 245 2945 possumus
270 2870 375 2929 verbis
398 2864 418 2945 ἡ
441 2877 494 2927 τοῦ
513 2873 626 2945 μισθοῦ
646 2871 747 2944 λῆψις,
766 2883 847 2941 quae
867 2868 934 2928 cod.
957 2867 1116 2927 Malatest.
1139 2883 1182 2926 m.
1196 2884 1241 2942 pr.

12 2977 191 3044 llomisit.
222 2983 260 3041 In
291 2983 362 3042 Par.
391 2982 418 3040 A
447 2986 536 3057 λῆψις
560 2982 688 3055 punctis
711 2983 871 3041 notatum.
897 2981 1039 3041 Delenda
1062 2996 1187 3040 censeo.
1212 2971 1232 3062 ΙΙ

40 3097 154 3168 ,Lege
177 3086 286 3170 ὦφίλε
307 3094 519 3172 [Θρασέμαχε],
538 3095 613 3167 quia
633 3086 656 3153 ὦ
676 3094 742 3169 φίλε
765 3095 854 3172 Θρασ.
875 3096 963 3155 valet
982 3110 1019 3169 „0
1032 3110 1115 3171 care,
1129 3096 1244 3155 dilecte

66 3208 177 3282 Thr.,”
202 3223 266 3282 qua
289 3209 501 3284 appellatione
527 3209 675 3269 Socrates
699 3223 758 3269 neo
781 3207 894 3278 παίζων
917 3224 976 3268 neo
1000 3206 1176 3277 σπουδάζων
1198 3207 1242 3265 ut‘

65 3322 205 3396 poterat,
237 3322 293 3381 sed
325 3313 348 3391 ὦ
379 3321 445 3396 φίλε
469 3337 582 3395 parum
607 3321 715 3381 differt
740 3322 778 3380 ab
803 3312 826 3378 ὦ
852 3315 950 3398 ’γαθέ
974 3335 1035 3393 quo
1059 3320 1154 3378 modo
1178 3319 1242 3377 iam

67 3434 146 3505 (345
160 3434 199 3504 Α)
223 3450 297 3494 eum
323 3417 505 3508 appellarit.
521 3436 635 3494 —Pro
659 3431 850 3512 ἀνορθοῦντα
875 3433 1032 3492 Eusebius
1054 3431 1159 3494 (Astio
1179 3447 1244 3505 pro-

67 3547 178 3618 bante)
199 3545 428 3625 ἑιιαυορθοῦντα
448 3547 588 3607 exhibet.
610 3546 690 3607 Oum
713 3546 844 3620 saepius
857 3542 1012 3622 ἀνορθοῦν
1024 3546 1107 3619 apud
1121 3545 1245 3604 Platon.

67 3661 202 3723 obvium
233 3661 287 3733 sit,
318 3660 364 3719 nil
395 3661 588 3719 mutandum
620 3675 752 3735 oenseo;
783 3659 831 3719 sio
851 3660 945 3733 juxta
969 3655 1082 3716 ἐννοεῖν
1106 3659 1246 3732 simplex

67 3777 151 3833 νοεῖν
171 3788 402 3846 nonnunquam
423 3788 472 3846 ap.
494 3773 664 3832 Platonem
686 3772 827 3833 obvium.
849 3773 923 3833 Mox
943 3773 1064 3845 corrige
1084 3775 1130 3832 sis
1151 3776 1246 3843 καλῶς

67 3883 125 3962 τὴν
151 3883 254 3965 τέχνην
277 3885 400 3963 πράξειν
424 3886 474 3955 (cf.
501 3885 564 3945 374
577 3886 606 3945 A
629 3882 734 3962 τέχνην
758 3883 960 3964 έρμάζεσθαι);
985 3881 1089 3962 τέχνην
1111 3884 1247 3963 πράττειν
1323 3864 1325 3868 ¹

68 4001 123 4060 est
145 4001 250 4061 artem
274 4014 433 4060 exercere.

10 4116 37 4184 k
116 4113 239 4175 Oollato
266 4111 367 4171 stau
391 4111 442 4170 hio
466 4111 639 4183 legendum
662 4127 777 4172 censeo
802 4109 844 4182 (ἑν
868 4116 980 4188 μισθοῦ
1005 4107 1095 4188 μέρει)
1118 4109 1247 4188 τέθηκας

67 4243 128 4305 pro
149 4226 277 4306 εἴρηκας.
302 4222 347 4285 Oi.
373 4223 539 4284 Demosth.
561 4225 636 4298 626,
657 4227 677 4285 6
699 4222 739 4294 εἰς
759 4222 923 4302 εὐεργεσίας
943 4220 1030 4300 μέρος
1049 4221 1247 4299 καταθέσθαι,

68 4341 147 4403 ibid.
179 4343 254 4416 668,
286 4342 328 4401 26
359 4337 395 4398 οὐ
427 4338 531 4415 τίθημι
554 4334 586 4395 έν
611 4334 791 4413 ἀδικήματος
815 4334 901 4415 μέρει.
930 4372 968 4382 -
994 4337 1133 4412 Optimis
1158 4337 1246 4397 codd.

68 4452 110 4515 οὐ
143 4455 257 4530 ξυνῆκα
287 4454 356 4524 [τω]
381 4451 607 4525 praebentibus
634 4449 701 4509 fere
724 4464 837 4509 omnes
860 4452 951 4510 editt.
977 4451 1063 4511 recte
1087 4450 1248 4523 obtempe-

67 4567 193 4629 rarunt.
228 4599 268 4609 -
296 4565 358 4624 Pro
381 4561 484 4639 ξυνίης
507 4564 578 4624 Par.
603 4564 631 4622 A
655 4561 787 4621 exhibet
810 4561 929 4638 ξυνιεῖς,
951 4563 998 4626 sic
1021 4565 1107 4623 recte
1131 4562 1244 4623 Herm.

1382 4688 1432 4724 Δ
