<?xml version="1.0" encoding="UTF-8"?>
<!DOCTYPE html PUBLIC "-//W3C//DTD XHTML 1.0 Transitional//EN"
    "http://www.w3.org/TR/xhtml1/DTD/xhtml1-transitional.dtd">
<html xmlns="http://www.w3.org/1999/xhtml" xml:lang="en" lang="en">
 <head>
  <title>
</title>
<meta http-equiv="Content-Type" content="text/html;charset=utf-8" />
  <meta name='ocr-system' content='tesseract 3.04.00' />
  <meta name='ocr-capabilities' content='ocr_page ocr_carea ocr_par ocr_line ocrx_word'/>
</head>
<body>
  <div class='ocr_page' id='page_1' title='image "./notaecriticaead00hartgoog_0096.png"; bbox 0 0 3000 5018; ppageno 0'>
   <div class='ocr_carea' id='block_1_1' title="bbox 722 264 762 322">
    <p class='ocr_par' dir='ltr' id='par_1_1' title="bbox 722 264 762 322">
     <span class='ocr_line' id='line_1_1' title="bbox 722 264 762 322; baseline 0 0"><span class='ocrx_word' id='word_1_1' title='bbox 722 264 762 322; x_wconf 79' lang='grc'><strong>75</strong></span> 
     </span>
    </p>
   </div>
   <div class='ocr_carea' id='block_1_2' title="bbox 145 445 1325 4624">
    <p class='ocr_par' dir='ltr' id='par_1_2' title="bbox 145 445 1325 4508">
     <span class='ocr_line' id='line_1_2' title="bbox 152 445 1323 528; baseline 0.003 -19"><span class='ocrx_word' id='word_1_2' title='bbox 152 450 184 509; x_wconf 85' lang='lat'><strong>1⁰</strong></span> <span class='ocrx_word' id='word_1_3' title='bbox 200 449 374 509; x_wconf 86' lang='lat' dir='ltr'><strong>abundant</strong></span> <span class='ocrx_word' id='word_1_4' title='bbox 405 445 494 526; x_wconf 83' lang='lat' dir='ltr'><strong>(nam</strong></span> <span class='ocrx_word' id='word_1_5' title='bbox 524 456 577 508; x_wconf 83' lang='grc' dir='ltr'><strong>τοῦ</strong></span> <span class='ocrx_word' id='word_1_6' title='bbox 602 445 786 525; x_wconf 80' lang='grc' dir='ltr'><strong><em>ἐψευσμένου</em></strong></span> <span class='ocrx_word' id='word_1_7' title='bbox 811 450 897 510; x_wconf 91' lang='lat' dir='ltr'><strong>idem</strong></span> <span class='ocrx_word' id='word_1_8' title='bbox 926 450 1013 511; x_wconf 87' lang='lat' dir='ltr'><strong>valet</strong></span> <span class='ocrx_word' id='word_1_9' title='bbox 1036 466 1074 510; x_wconf 92' lang='lat' dir='ltr'><strong>ac</strong></span> <span class='ocrx_word' id='word_1_10' title='bbox 1096 459 1149 510; x_wconf 82' lang='grc' dir='ltr'><strong>τοῦ</strong></span> <span class='ocrx_word' id='word_1_11' title='bbox 1172 449 1323 528; x_wconf 80' lang='grc' dir='ltr'>ἀμαθοῦς)</span> 
     </span>
     <span class='ocr_line' id='line_1_3' title="bbox 154 561 1323 639; baseline 0.003 -17"><span class='ocrx_word' id='word_1_12' title='bbox 154 562 198 622; x_wconf 84' lang='lat'><strong>11⁰</strong></span> <span class='ocrx_word' id='word_1_13' title='bbox 216 562 403 623; x_wconf 81' lang='lat' dir='ltr'><strong>instabilem</strong></span> <span class='ocrx_word' id='word_1_14' title='bbox 426 563 538 623; x_wconf 90' lang='lat' dir='ltr'><strong>sedem</strong></span> <span class='ocrx_word' id='word_1_15' title='bbox 561 563 682 623; x_wconf 88' lang='lat' dir='ltr'><strong>habent</strong></span> <span class='ocrx_word' id='word_1_16' title='bbox 704 561 874 639; x_wconf 77' lang='lat' dir='ltr'><strong>(Eusebius</strong></span> <span class='ocrx_word' id='word_1_17' title='bbox 898 563 985 623; x_wconf 90' lang='lat' dir='ltr'><strong>enim</strong></span> <span class='ocrx_word' id='word_1_18' title='bbox 1009 578 1084 624; x_wconf 90' lang='lat' dir='ltr'><strong>cum</strong></span> <span class='ocrx_word' id='word_1_19' title='bbox 1104 565 1214 638; x_wconf 81' lang='lat' dir='ltr'><strong>paucis</strong></span> <span class='ocrx_word' id='word_1_20' title='bbox 1234 565 1323 626; x_wconf 87' lang='lat' dir='ltr'><strong>codd.</strong></span> 
     </span>
     <span class='ocr_line' id='line_1_4' title="bbox 151 670 1324 758; baseline 0.004 -25"><span class='ocrx_word' id='word_1_21' title='bbox 151 670 170 752; x_wconf 73' lang='grc' dir='ltr'><em>ἡ</em></span> <span class='ocrx_word' id='word_1_22' title='bbox 200 672 233 734; x_wconf 76' lang='grc' dir='ltr'><strong>ἐν</strong></span> <span class='ocrx_word' id='word_1_23' title='bbox 264 684 299 758; x_wconf 69' lang='grc' dir='ltr'><strong>τῇ</strong></span> <span class='ocrx_word' id='word_1_24' title='bbox 330 683 414 758; x_wconf 71' lang='grc' dir='ltr'><strong><em>ψυχῇ</em></strong></span> <span class='ocrx_word' id='word_1_25' title='bbox 443 682 497 735; x_wconf 84' lang='grc' dir='ltr'><strong>τοῦ</strong></span> <span class='ocrx_word' id='word_1_26' title='bbox 524 672 571 751; x_wconf 64' lang='lat' dir='ltr'><strong>lp.</strong></span> <span class='ocrx_word' id='word_1_27' title='bbox 594 672 701 755; x_wconf 72' lang='grc' dir='ltr'><strong><em>ἄγνοια</em></strong></span> <span class='ocrx_word' id='word_1_28' title='bbox 724 673 854 753; x_wconf 81' lang='lat' dir='ltr'><strong>exhib.).</strong></span> <span class='ocrx_word' id='word_1_29' title='bbox 879 676 1041 738; x_wconf 77' lang='lat' dir='ltr'>Tenemus</span> <span class='ocrx_word' id='word_1_30' title='bbox 1064 677 1163 750; x_wconf 78' lang='lat' dir='ltr'><strong>igitur</strong></span> <span class='ocrx_word' id='word_1_31' title='bbox 1185 679 1324 739; x_wconf 77' lang='lat' dir='ltr'><strong>eundem</strong></span> 
     </span>
     <span class='ocr_line' id='line_1_5' title="bbox 148 783 1323 876; baseline 0.003 -26"><span class='ocrx_word' id='word_1_32' title='bbox 148 789 298 866; x_wconf 80' lang='lat' dir='ltr'><strong>sciolum,</strong></span> <span class='ocrx_word' id='word_1_33' title='bbox 330 791 386 864; x_wconf 86' lang='lat' dir='ltr'><strong>qui</strong></span> <span class='ocrx_word' id='word_1_34' title='bbox 416 806 514 865; x_wconf 89' lang='lat' dir='ltr'><strong>supra</strong></span> <span class='ocrx_word' id='word_1_35' title='bbox 543 787 650 868; x_wconf 78' lang='grc' dir='ltr'><strong><em>ἀμαθῆ</em></strong></span> <span class='ocrx_word' id='word_1_36' title='bbox 677 783 753 849; x_wconf 83' lang='grc' dir='ltr'><strong><em>εἶναι</em></strong></span> <span class='ocrx_word' id='word_1_37' title='bbox 777 792 809 851; x_wconf 89' lang='lat' dir='ltr'><strong>ln</strong></span> <span class='ocrx_word' id='word_1_38' title='bbox 833 805 898 864; x_wconf 79' lang='lat' dir='ltr'><strong>mg.</strong></span> <span class='ocrx_word' id='word_1_39' title='bbox 923 793 1145 854; x_wconf 88' lang='lat' dir='ltr'><strong>annotaverat.</strong></span> <span class='ocrx_word' id='word_1_40' title='bbox 1170 783 1190 876; x_wconf 88' lang='grc' dir='ltr'><strong>ΙΙ</strong></span> <span class='ocrx_word' id='word_1_41' title='bbox 1214 793 1323 869; x_wconf 84' lang='lat' dir='ltr'><strong>Stepb.</strong></span> 
     </span>
     <span class='ocr_line' id='line_1_6' title="bbox 148 902 1325 987; baseline 0 -23"><span class='ocrx_word' id='word_1_42' title='bbox 148 905 212 964; x_wconf 83' lang='lat' dir='ltr'><strong>Ast</strong></span> <span class='ocrx_word' id='word_1_43' title='bbox 242 902 369 965; x_wconf 84' lang='lat' dir='ltr'><strong>Beklrer</strong></span> <span class='ocrx_word' id='word_1_44' title='bbox 396 919 454 979; x_wconf 90' lang='lat' dir='ltr'><strong>pro</strong></span> <span class='ocrx_word' id='word_1_45' title='bbox 477 914 515 987; x_wconf 73' lang='lat' dir='ltr'><strong>up</strong></span> <span class='ocrx_word' id='word_1_46' title='bbox 535 919 610 965; x_wconf 95' lang='lat' dir='ltr'><strong>cum</strong></span> <span class='ocrx_word' id='word_1_47' title='bbox 633 905 746 980; x_wconf 80' lang='lat' dir='ltr'><strong>paucis</strong></span> <span class='ocrx_word' id='word_1_48' title='bbox 768 905 859 965; x_wconf 91' lang='lat' dir='ltr'><strong>libris</strong></span> <span class='ocrx_word' id='word_1_49' title='bbox 881 905 910 964; x_wconf 87' lang='grc' dir='ltr'><strong>τί</strong></span> <span class='ocrx_word' id='word_1_50' title='bbox 931 906 1129 980; x_wconf 90' lang='lat' dir='ltr'><strong>scripserunt</strong></span> <span class='ocrx_word' id='word_1_51' title='bbox 1152 907 1173 966; x_wconf 90' lang='lat' dir='ltr'><strong>i.</strong></span> <span class='ocrx_word' id='word_1_52' title='bbox 1198 923 1225 967; x_wconf 93' lang='lat' dir='ltr'><strong>e.</strong></span> <span class='ocrx_word' id='word_1_53' title='bbox 1250 903 1325 965; x_wconf 82' lang='grc' dir='ltr'><strong><em>κατὰ</em></strong></span> 
     </span>
     <span class='ocr_line' id='line_1_7' title="bbox 145 1014 1323 1096; baseline 0.003 -19"><span class='ocrx_word' id='word_1_54' title='bbox 145 1017 184 1095; x_wconf 81' lang='grc' dir='ltr'><strong>τί,</strong></span> <span class='ocrx_word' id='word_1_55' title='bbox 217 1020 256 1078; x_wconf 90' lang='lat' dir='ltr'><strong>ut</strong></span> <span class='ocrx_word' id='word_1_56' title='bbox 287 1018 320 1077; x_wconf 82' lang='lat' dir='ltr'><strong>in</strong></span> <span class='ocrx_word' id='word_1_57' title='bbox 355 1018 381 1076; x_wconf 93' lang='lat' dir='ltr'>D</span> <span class='ocrx_word' id='word_1_58' title='bbox 415 1017 534 1091; x_wconf 75' lang='lat' dir='ltr'><strong>legitur</strong></span> <span class='ocrx_word' id='word_1_59' title='bbox 563 1014 650 1095; x_wconf 82' lang='grc' dir='ltr'><strong><em>(κατὰ</em></strong></span> <span class='ocrx_word' id='word_1_60' title='bbox 678 1017 708 1077; x_wconf 83' lang='grc' dir='ltr'><strong>τί</strong></span> <span class='ocrx_word' id='word_1_61' title='bbox 737 1017 774 1093; x_wconf 70' lang='grc' dir='ltr'><strong><em>δι’]</em></strong></span> <span class='ocrx_word' id='word_1_62' title='bbox 788 1064 793 1075; x_wconf 96' lang='grc'><em>.</em></span> <span class='ocrx_word' id='word_1_63' title='bbox 808 1062 813 1075; x_wconf 94' lang='grc'>.</span> <span class='ocrx_word' id='word_1_64' title='bbox 828 1064 834 1075; x_wconf 90' lang='grc'><strong>.</strong></span> <span class='ocrx_word' id='word_1_65' title='bbox 849 1015 1056 1096; x_wconf 80' lang='grc' dir='ltr'><strong><em>.χρήσιμον;);</em></strong></span> <span class='ocrx_word' id='word_1_66' title='bbox 1086 1020 1218 1093; x_wconf 82' lang='lat' dir='ltr'><strong>optime.</strong></span> <span class='ocrx_word' id='word_1_67' title='bbox 1242 1018 1323 1080; x_wconf 78' lang='lat' dir='ltr'><strong>Cum</strong></span> 
     </span>
     <span class='ocr_line' id='line_1_8' title="bbox 149 1126 1322 1209; baseline -0.001 -16"><span class='ocrx_word' id='word_1_68' title='bbox 149 1133 299 1193; x_wconf 87' lang='lat' dir='ltr'><strong>Socrates</strong></span> <span class='ocrx_word' id='word_1_69' title='bbox 332 1126 396 1192; x_wconf 79' lang='lat' dir='ltr'><strong>n&#39;on</strong></span> <span class='ocrx_word' id='word_1_70' title='bbox 430 1131 572 1204; x_wconf 88' lang='lat' dir='ltr'><strong>inquirat</strong></span> <span class='ocrx_word' id='word_1_71' title='bbox 610 1132 701 1208; x_wconf 88' lang='lat' dir='ltr'><strong>,cui”</strong></span> <span class='ocrx_word' id='word_1_72' title='bbox 738 1132 943 1193; x_wconf 88' lang='lat' dir='ltr'><strong>mendacium</strong></span> <span class='ocrx_word' id='word_1_73' title='bbox 973 1134 1084 1208; x_wconf 81' lang='lat' dir='ltr'><strong>prosit,</strong></span> <span class='ocrx_word' id='word_1_74' title='bbox 1116 1133 1174 1193; x_wconf 90' lang='lat' dir='ltr'><strong>sed</strong></span> <span class='ocrx_word' id='word_1_75' title='bbox 1208 1133 1322 1209; x_wconf 82' lang='lat' dir='ltr'><strong>,quid’</strong></span> 
     </span>
     <span class='ocr_line' id='line_1_9' title="bbox 149 1239 1324 1325; baseline 0.001 -19"><span class='ocrx_word' id='word_1_76' title='bbox 149 1242 322 1323; x_wconf 83' lang='lat' dir='ltr'><strong>(exemplis</strong></span> <span class='ocrx_word' id='word_1_77' title='bbox 351 1245 439 1306; x_wconf 91' lang='lat' dir='ltr'><strong>enim</strong></span> <span class='ocrx_word' id='word_1_78' title='bbox 470 1245 593 1319; x_wconf 82' lang='lat' dir='ltr'><strong>aliquot</strong></span> <span class='ocrx_word' id='word_1_79' title='bbox 619 1253 672 1306; x_wconf 80' lang='grc' dir='ltr'><strong>τοῦ</strong></span> <span class='ocrx_word' id='word_1_80' title='bbox 694 1243 727 1306; x_wconf 81' lang='grc' dir='ltr'><strong>τὸ</strong></span> <span class='ocrx_word' id='word_1_81' title='bbox 750 1246 863 1322; x_wconf 76' lang='grc' dir='ltr'><strong><em>ψεῦδος</em></strong></span> <span class='ocrx_word' id='word_1_82' title='bbox 886 1244 1029 1325; x_wconf 77' lang='grc' dir='ltr'><strong><em>χρήσιμον</em></strong></span> <span class='ocrx_word' id='word_1_83' title='bbox 1053 1239 1129 1306; x_wconf 79' lang='grc' dir='ltr'><strong><em>εἶναι</em></strong></span> <span class='ocrx_word' id='word_1_84' title='bbox 1152 1246 1268 1321; x_wconf 89' lang='lat' dir='ltr'><strong>positis</strong></span> <span class='ocrx_word' id='word_1_85' title='bbox 1290 1247 1324 1307; x_wconf 90' lang='lat' dir='ltr'><strong>in</strong></span> 
     </span>
     <span class='ocr_line' id='line_1_10' title="bbox 149 1349 1324 1439; baseline 0.002 -20"><span class='ocrx_word' id='word_1_86' title='bbox 149 1360 166 1430; x_wconf 71' lang='grc'>5</span> <span class='ocrx_word' id='word_1_87' title='bbox 189 1359 215 1419; x_wconf 92' lang='lat' dir='ltr'>D</span> <span class='ocrx_word' id='word_1_88' title='bbox 237 1361 331 1432; x_wconf 79' lang='lat' dir='ltr'><strong>rogat</strong></span> <span class='ocrx_word' id='word_1_89' title='bbox 352 1356 428 1418; x_wconf 83' lang='grc' dir='ltr'><strong><em>κατὰ</em></strong></span> <span class='ocrx_word' id='word_1_90' title='bbox 450 1358 479 1417; x_wconf 85' lang='grc' dir='ltr'><strong>τί</strong></span> <span class='ocrx_word' id='word_1_91' title='bbox 499 1356 537 1435; x_wconf 74' lang='grc' dir='ltr'><strong>δὴ</strong></span> <span class='ocrx_word' id='word_1_92' title='bbox 561 1349 618 1419; x_wconf 80' lang='grc' dir='ltr'><strong>οὗν</strong></span> <span class='ocrx_word' id='word_1_93' title='bbox 641 1359 810 1420; x_wconf 80' lang='grc' dir='ltr'><strong><em>τούτων.</em></strong></span> <span class='ocrx_word' id='word_1_94' title='bbox 825 1357 915 1420; x_wconf 84' lang='grc' dir='ltr'><strong><em>...τὸ</em></strong></span> <span class='ocrx_word' id='word_1_95' title='bbox 938 1361 1053 1436; x_wconf 80' lang='grc' dir='ltr'><strong><em>ψεῦδος</em></strong></span> <span class='ocrx_word' id='word_1_96' title='bbox 1072 1358 1239 1439; x_wconf 79' lang='grc' dir='ltr'><strong><em>χρήσιμον),</em></strong></span> <span class='ocrx_word' id='word_1_97' title='bbox 1260 1375 1324 1421; x_wconf 88' lang='lat' dir='ltr'><strong>non</strong></span> 
     </span>
     <span class='ocr_line' id='line_1_11' title="bbox 149 1472 1323 1558; baseline 0.002 -26"><span class='ocrx_word' id='word_1_98' title='bbox 149 1472 258 1546; x_wconf 88' lang='lat' dir='ltr'><strong>potest</strong></span> <span class='ocrx_word' id='word_1_99' title='bbox 277 1472 416 1534; x_wconf 88' lang='lat' dir='ltr'><strong>dubitari</strong></span> <span class='ocrx_word' id='word_1_100' title='bbox 437 1472 516 1546; x_wconf 86' lang='lat' dir='ltr'><strong>quin</strong></span> <span class='ocrx_word' id='word_1_101' title='bbox 538 1483 578 1556; x_wconf 73' lang='grc' dir='ltr'><strong><em>ιφ</em></strong></span> <span class='ocrx_word' id='word_1_102' title='bbox 592 1507 628 1517; x_wconf 72' lang='lat'>-</span> <span class='ocrx_word' id='word_1_103' title='bbox 654 1473 707 1534; x_wconf 86' lang='lat' dir='ltr'><strong>vel</strong></span> <span class='ocrx_word' id='word_1_104' title='bbox 729 1494 799 1533; x_wconf 79' lang='grc' dir='ltr'><strong><em>ποτε</em></strong></span> <span class='ocrx_word' id='word_1_105' title='bbox 821 1474 874 1533; x_wconf 86' lang='grc' dir='ltr'><strong>καί</strong></span> <span class='ocrx_word' id='word_1_106' title='bbox 894 1497 933 1558; x_wconf 84' lang='grc' dir='ltr'><strong>τφ</strong></span> <span class='ocrx_word' id='word_1_107' title='bbox 957 1477 995 1534; x_wconf 93' lang='lat' dir='ltr'><strong>ut</strong></span> <span class='ocrx_word' id='word_1_108' title='bbox 1013 1474 1212 1535; x_wconf 85' lang='lat' dir='ltr'><strong>Vermelrren</strong></span> <span class='ocrx_word' id='word_1_109' title='bbox 1232 1475 1323 1535; x_wconf 80' lang='lat' dir='ltr'><strong>Stud.</strong></span> 
     </span>
     <span class='ocr_line' id='line_1_12' title="bbox 152 1583 1324 1662; baseline -0.002 -16"><span class='ocrx_word' id='word_1_110' title='bbox 152 1587 238 1646; x_wconf 78' lang='grc'><strong>1870</strong></span> <span class='ocrx_word' id='word_1_111' title='bbox 260 1586 459 1647; x_wconf 82' lang='lat' dir='ltr'><strong>coniecit-</strong></span> <span class='ocrx_word' id='word_1_112' title='bbox 478 1602 616 1661; x_wconf 88' lang='lat' dir='ltr'><strong>pravum</strong></span> <span class='ocrx_word' id='word_1_113' title='bbox 640 1589 693 1648; x_wconf 90' lang='lat' dir='ltr'><strong>sit.</strong></span> <span class='ocrx_word' id='word_1_114' title='bbox 719 1623 759 1630; x_wconf 97' lang='lat'><em>-</em></span> <span class='ocrx_word' id='word_1_115' title='bbox 784 1588 858 1648; x_wconf 84' lang='lat' dir='ltr'><strong>Mox</strong></span> <span class='ocrx_word' id='word_1_116' title='bbox 879 1589 989 1648; x_wconf 83' lang='lat' dir='ltr'><strong>Herm.</strong></span> <span class='ocrx_word' id='word_1_117' title='bbox 1011 1602 1067 1662; x_wconf 93' lang='lat' dir='ltr'><strong>pro</strong></span> <span class='ocrx_word' id='word_1_118' title='bbox 1088 1585 1159 1646; x_wconf 79' lang='grc' dir='ltr'><strong><em>ὅταν</em></strong></span> <span class='ocrx_word' id='word_1_119' title='bbox 1178 1588 1216 1648; x_wconf 91' lang='lat' dir='ltr'><strong>ci.</strong></span> <span class='ocrx_word' id='word_1_120' title='bbox 1236 1587 1267 1646; x_wconf 84' lang='grc' dir='ltr'><strong>οἳ</strong></span> <span class='ocrx_word' id='word_1_121' title='bbox 1284 1583 1324 1645; x_wconf 81' lang='grc' dir='ltr'><strong>ἂν</strong></span> 
     </span>
     <span class='ocr_line' id='line_1_13' title="bbox 150 1697 1323 1779; baseline -0.002 -19"><span class='ocrx_word' id='word_1_122' title='bbox 150 1701 304 1774; x_wconf 86' lang='lat' dir='ltr'><strong>probante</strong></span> <span class='ocrx_word' id='word_1_123' title='bbox 334 1700 550 1761; x_wconf 86' lang='lat' dir='ltr'><strong>Herwerdeno</strong></span> <span class='ocrx_word' id='word_1_124' title='bbox 574 1698 648 1778; x_wconf 85' lang='lat' dir='ltr'><strong>(Mn.</strong></span> <span class='ocrx_word' id='word_1_125' title='bbox 677 1698 784 1779; x_wconf 84' lang='lat'><strong>1883).</strong></span> <span class='ocrx_word' id='word_1_126' title='bbox 810 1701 890 1762; x_wconf 80' lang='lat' dir='ltr'><strong>Cum</strong></span> <span class='ocrx_word' id='word_1_127' title='bbox 915 1716 990 1761; x_wconf 88' lang='lat' dir='ltr'><strong>vero</strong></span> <span class='ocrx_word' id='word_1_128' title='bbox 1013 1700 1226 1775; x_wconf 87' lang='lat' dir='ltr'><strong>praecesserit</strong></span> <span class='ocrx_word' id='word_1_129' title='bbox 1249 1697 1323 1777; x_wconf 77' lang='grc' dir='ltr'><strong><em>πρός</em></strong></span> 
     </span>
     <span class='ocr_line' id='line_1_14' title="bbox 149 1809 1323 1894; baseline 0 -22"><span class='ocrx_word' id='word_1_130' title='bbox 149 1835 186 1890; x_wconf 85' lang='grc' dir='ltr'><strong>τε,</strong></span> <span class='ocrx_word' id='word_1_131' title='bbox 214 1815 290 1888; x_wconf 87' lang='lat' dir='ltr'><strong>post</strong></span> <span class='ocrx_word' id='word_1_132' title='bbox 319 1810 369 1873; x_wconf 85' lang='grc' dir='ltr'><strong>καὶ</strong></span> <span class='ocrx_word' id='word_1_133' title='bbox 399 1814 508 1874; x_wconf 90' lang='lat' dir='ltr'><strong>omitti</strong></span> <span class='ocrx_word' id='word_1_134' title='bbox 537 1829 600 1874; x_wconf 92' lang='lat' dir='ltr'><strong>non</strong></span> <span class='ocrx_word' id='word_1_135' title='bbox 624 1817 732 1890; x_wconf 90' lang='lat' dir='ltr'><strong>potest</strong></span> <span class='ocrx_word' id='word_1_136' title='bbox 755 1815 896 1876; x_wconf 88' lang='lat' dir='ltr'><strong>alterum</strong></span> <span class='ocrx_word' id='word_1_137' title='bbox 927 1811 1011 1894; x_wconf 79' lang='grc' dir='ltr'><strong><em>πρὸς,</em></strong></span> <span class='ocrx_word' id='word_1_138' title='bbox 1042 1815 1136 1890; x_wconf 85' lang='lat' dir='ltr'><strong>quod,</strong></span> <span class='ocrx_word' id='word_1_139' title='bbox 1174 1814 1202 1873; x_wconf 92' lang='lat' dir='ltr'><strong>si</strong></span> <span class='ocrx_word' id='word_1_140' title='bbox 1233 1815 1263 1873; x_wconf 81' lang='grc' dir='ltr'><strong>οἳ</strong></span> <span class='ocrx_word' id='word_1_141' title='bbox 1285 1809 1323 1872; x_wconf 78' lang='grc' dir='ltr'><strong>ἅν</strong></span> 
     </span>
     <span class='ocr_line' id='line_1_15' title="bbox 151 1928 1324 2004; baseline -0.001 -16"><span class='ocrx_word' id='word_1_142' title='bbox 151 1928 329 2004; x_wconf 83' lang='lat' dir='ltr'><strong>corrigitur,</strong></span> <span class='ocrx_word' id='word_1_143' title='bbox 352 1942 416 1987; x_wconf 93' lang='lat' dir='ltr'><strong>non</strong></span> <span class='ocrx_word' id='word_1_144' title='bbox 437 1929 605 1988; x_wconf 89' lang='lat' dir='ltr'><strong>commode</strong></span> <span class='ocrx_word' id='word_1_145' title='bbox 625 1930 733 2002; x_wconf 88' lang='lat' dir='ltr'><strong>potest</strong></span> <span class='ocrx_word' id='word_1_146' title='bbox 752 1928 860 1988; x_wconf 91' lang='lat' dir='ltr'><strong>inseri.</strong></span> <span class='ocrx_word' id='word_1_147' title='bbox 880 1928 1012 1988; x_wconf 89' lang='lat' dir='ltr'><strong>Duabus</strong></span> <span class='ocrx_word' id='word_1_148' title='bbox 1031 1928 1324 1988; x_wconf 84' lang='lat' dir='ltr'><strong>constructionibus</strong></span> 
     </span>
     <span class='ocr_line' id='line_1_16' title="bbox 151 2038 1323 2120; baseline -0.002 -19"><span class='ocrx_word' id='word_1_149' title='bbox 151 2055 246 2101; x_wconf 82' lang='lat' dir='ltr'><strong>usum</strong></span> <span class='ocrx_word' id='word_1_150' title='bbox 282 2055 355 2101; x_wconf 81' lang='lat' dir='ltr'><strong>asse</strong></span> <span class='ocrx_word' id='word_1_151' title='bbox 389 2041 558 2101; x_wconf 80' lang='lat' dir='ltr'><strong>Platonem</strong></span> <span class='ocrx_word' id='word_1_152' title='bbox 588 2039 662 2120; x_wconf 81' lang='grc' dir='ltr'><strong><em>πρός</em></strong></span> <span class='ocrx_word' id='word_1_153' title='bbox 691 2062 721 2099; x_wconf 85' lang='grc' dir='ltr'><strong>τε</strong></span> <span class='ocrx_word' id='word_1_154' title='bbox 751 2038 821 2110; x_wconf 83' lang='grc' dir='ltr'><strong><em>τοὺς</em></strong></span> <span class='ocrx_word' id='word_1_155' title='bbox 844 2039 1002 2117; x_wconf 82' lang='grc' dir='ltr'><strong><em>πολεμίους</em></strong></span> <span class='ocrx_word' id='word_1_156' title='bbox 1025 2042 1059 2101; x_wconf 84' lang='lat' dir='ltr'><strong>et</strong></span> <span class='ocrx_word' id='word_1_157' title='bbox 1082 2038 1152 2099; x_wconf 83' lang='grc' dir='ltr'><strong><em>ὅταν</em></strong></span> <span class='ocrx_word' id='word_1_158' title='bbox 1178 2048 1236 2099; x_wconf 87' lang='grc' dir='ltr'><strong>τῶν</strong></span> <span class='ocrx_word' id='word_1_159' title='bbox 1259 2045 1323 2099; x_wconf 87' lang='grc' dir='ltr'><strong><em>καλ.</em></strong></span> 
     </span>
     <span class='ocr_line' id='line_1_17' title="bbox 149 2148 1322 2233; baseline 0.002 -21"><span class='ocrx_word' id='word_1_160' title='bbox 149 2153 244 2229; x_wconf 83' lang='grc' dir='ltr'><strong><em>φίλων</em></strong></span> <span class='ocrx_word' id='word_1_161' title='bbox 277 2150 334 2231; x_wconf 83' lang='lat' dir='ltr'><strong>(sc.</strong></span> <span class='ocrx_word' id='word_1_162' title='bbox 361 2148 449 2233; x_wconf 83' lang='grc' dir='ltr'><strong><em>τινὲς)</em></strong></span> <span class='ocrx_word' id='word_1_163' title='bbox 473 2151 637 2231; x_wconf 77' lang='grc' dir='ltr'><strong><em>ἐπιχειρῶσι</em></strong></span> <span class='ocrx_word' id='word_1_164' title='bbox 661 2155 781 2229; x_wconf 88' lang='lat' dir='ltr'><strong>optime</strong></span> <span class='ocrx_word' id='word_1_165' title='bbox 806 2154 979 2215; x_wconf 83' lang='lat' dir='ltr'><strong>Schneider</strong></span> <span class='ocrx_word' id='word_1_166' title='bbox 1001 2154 1118 2215; x_wconf 90' lang='lat' dir='ltr'><strong>docuit.</strong></span> <span class='ocrx_word' id='word_1_167' title='bbox 1143 2154 1264 2215; x_wconf 88' lang='lat' dir='ltr'><strong>Baiteri</strong></span> <span class='ocrx_word' id='word_1_168' title='bbox 1289 2155 1322 2214; x_wconf 90' lang='lat' dir='ltr'><strong>in</strong></span> 
     </span>
     <span class='ocr_line' id='line_1_18' title="bbox 151 2263 1323 2345; baseline 0.001 -18"><span class='ocrx_word' id='word_1_169' title='bbox 151 2267 329 2328; x_wconf 91' lang='lat' dir='ltr'><strong>Hermanni</strong></span> <span class='ocrx_word' id='word_1_170' title='bbox 353 2277 413 2328; x_wconf 72' lang='lat' dir='ltr'><strong>cam</strong></span> <span class='ocrx_word' id='word_1_171' title='bbox 433 2268 603 2342; x_wconf 87' lang='lat' dir='ltr'><strong>objectioni</strong></span> <span class='ocrx_word' id='word_1_172' title='bbox 627 2268 698 2343; x_wconf 90' lang='lat' dir='ltr'><strong>,cui</strong></span> <span class='ocrx_word' id='word_1_173' title='bbox 717 2267 862 2328; x_wconf 90' lang='lat' dir='ltr'><strong>medelae</strong></span> <span class='ocrx_word' id='word_1_174' title='bbox 882 2264 925 2345; x_wconf 80' lang='lat' dir='ltr'><strong>(ot</strong></span> <span class='ocrx_word' id='word_1_175' title='bbox 941 2263 990 2345; x_wconf 79' lang='lat' dir='ltr'><strong>dv)</strong></span> <span class='ocrx_word' id='word_1_176' title='bbox 1011 2268 1176 2328; x_wconf 88' lang='lat' dir='ltr'><strong>adversari</strong></span> <span class='ocrx_word' id='word_1_177' title='bbox 1196 2269 1323 2329; x_wconf 88' lang='lat' dir='ltr'><strong>videtur</strong></span> 
     </span>
     <span class='ocr_line' id='line_1_19' title="bbox 150 2379 1321 2455; baseline 0.002 -15"><span class='ocrx_word' id='word_1_178' title='bbox 150 2381 231 2453; x_wconf 89' lang='lat' dir='ltr'><strong>quod</strong></span> <span class='ocrx_word' id='word_1_179' title='bbox 254 2381 401 2455; x_wconf 86' lang='lat' dir='ltr'><strong>sequitur</strong></span> <span class='ocrx_word' id='word_1_180' title='bbox 422 2379 505 2440; x_wconf 83' lang='grc' dir='ltr'><strong><em>τότε”</em></strong></span> <span class='ocrx_word' id='word_1_181' title='bbox 530 2381 767 2441; x_wconf 88' lang='lat' dir='ltr'><strong>Herwerdenus</strong></span> <span class='ocrx_word' id='word_1_182' title='bbox 790 2381 821 2450; x_wconf 83' lang='lat' dir='ltr'><strong>(l.</strong></span> <span class='ocrx_word' id='word_1_183' title='bbox 845 2381 877 2451; x_wconf 85' lang='lat' dir='ltr'><strong>l.)</strong></span> <span class='ocrx_word' id='word_1_184' title='bbox 901 2381 1032 2441; x_wconf 89' lang='lat' dir='ltr'><strong>obviarn</strong></span> <span class='ocrx_word' id='word_1_185' title='bbox 1054 2381 1114 2440; x_wconf 87' lang='lat' dir='ltr'><strong>ivit</strong></span> <span class='ocrx_word' id='word_1_186' title='bbox 1137 2381 1321 2443; x_wconf 90' lang='lat' dir='ltr'><strong>coniciendo</strong></span> 
     </span>
     <span class='ocr_line' id='line_1_20' title="bbox 149 2491 1323 2573; baseline 0.002 -20"><span class='ocrx_word' id='word_1_187' title='bbox 149 2503 232 2554; x_wconf 84' lang='grc' dir='ltr'><strong><em>τοῦτο</em></strong></span> <span class='ocrx_word' id='word_1_188' title='bbox 262 2510 319 2570; x_wconf 92' lang='lat' dir='ltr'><strong>pro</strong></span> <span class='ocrx_word' id='word_1_189' title='bbox 341 2492 412 2554; x_wconf 83' lang='grc' dir='ltr'><strong><em>τότε.</em></strong></span> <span class='ocrx_word' id='word_1_190' title='bbox 438 2496 616 2555; x_wconf 88' lang='lat' dir='ltr'><strong>Hermanni</strong></span> <span class='ocrx_word' id='word_1_191' title='bbox 640 2504 673 2555; x_wconf 67' lang='lat' dir='ltr'><strong>ca</strong></span> <span class='ocrx_word' id='word_1_192' title='bbox 699 2491 809 2571; x_wconf 86' lang='lat' dir='ltr'><strong>(quam</strong></span> <span class='ocrx_word' id='word_1_193' title='bbox 833 2509 918 2554; x_wconf 90' lang='lat' dir='ltr'><strong>unus</strong></span> <span class='ocrx_word' id='word_1_194' title='bbox 941 2495 1099 2556; x_wconf 83' lang='lat' dir='ltr'><strong>Scbmelz.</strong></span> <span class='ocrx_word' id='word_1_195' title='bbox 1125 2492 1225 2573; x_wconf 83' lang='lat' dir='ltr'><strong>prob.)</strong></span> <span class='ocrx_word' id='word_1_196' title='bbox 1250 2499 1323 2556; x_wconf 91' lang='lat' dir='ltr'><strong>tum</strong></span> 
     </span>
     <span class='ocr_line' id='line_1_21' title="bbox 149 2606 1322 2688; baseline 0.001 -19"><span class='ocrx_word' id='word_1_197' title='bbox 149 2611 280 2669; x_wconf 90' lang='lat' dir='ltr'><strong>demum</strong></span> <span class='ocrx_word' id='word_1_198' title='bbox 300 2609 376 2669; x_wconf 85' lang='lat' dir='ltr'><strong>ferri</strong></span> <span class='ocrx_word' id='word_1_199' title='bbox 395 2609 523 2684; x_wconf 88' lang='lat' dir='ltr'><strong>poterit,</strong></span> <span class='ocrx_word' id='word_1_200' title='bbox 543 2609 617 2669; x_wconf 92' lang='lat' dir='ltr'><strong>sic.</strong></span> <span class='ocrx_word' id='word_1_201' title='bbox 638 2608 750 2683; x_wconf 89' lang='lat' dir='ltr'><strong>paucis</strong></span> <span class='ocrx_word' id='word_1_202' title='bbox 767 2608 855 2669; x_wconf 87' lang='lat' dir='ltr'><strong>codd.</strong></span> <span class='ocrx_word' id='word_1_203' title='bbox 876 2606 950 2686; x_wconf 83' lang='grc' dir='ltr'><strong><em>τρός</em></strong></span> <span class='ocrx_word' id='word_1_204' title='bbox 969 2629 1001 2688; x_wconf 75' lang='grc' dir='ltr'><strong>γε</strong></span> <span class='ocrx_word' id='word_1_205' title='bbox 1022 2611 1093 2669; x_wconf 94' lang='lat' dir='ltr'><strong>etc.</strong></span> <span class='ocrx_word' id='word_1_206' title='bbox 1107 2609 1322 2670; x_wconf 90' lang='lat' dir='ltr'><strong>Herwerdeuo</strong></span> 
     </span>
     <span class='ocr_line' id='line_1_22' title="bbox 148 2722 1322 2796; baseline 0.003 -15"><span class='ocrx_word' id='word_1_207' title='bbox 148 2730 232 2782; x_wconf 81' lang='grc' dir='ltr'><strong><em>τοῦτο</em></strong></span> <span class='ocrx_word' id='word_1_208' title='bbox 268 2723 478 2783; x_wconf 89' lang='lat' dir='ltr'><strong>emendatum</strong></span> <span class='ocrx_word' id='word_1_209' title='bbox 513 2723 584 2783; x_wconf 90' lang='lat' dir='ltr'><strong>erit.</strong></span> <span class='ocrx_word' id='word_1_210' title='bbox 620 2723 769 2783; x_wconf 88' lang='lat' dir='ltr'><strong>Praestat</strong></span> <span class='ocrx_word' id='word_1_211' title='bbox 800 2723 845 2782; x_wconf 91' lang='lat' dir='ltr'><strong>nil</strong></span> <span class='ocrx_word' id='word_1_212' title='bbox 876 2725 1014 2783; x_wconf 89' lang='lat' dir='ltr'><strong>mutare.</strong></span> <span class='ocrx_word' id='word_1_213' title='bbox 1046 2723 1083 2781; x_wconf 91' lang='lat' dir='ltr'><strong>In</strong></span> <span class='ocrx_word' id='word_1_214' title='bbox 1114 2723 1132 2791; x_wconf 70' lang='grc' dir='ltr'><strong>ἓ</strong></span> <span class='ocrx_word' id='word_1_215' title='bbox 1162 2722 1219 2783; x_wconf 90' lang='lat' dir='ltr'><strong>ult.</strong></span> <span class='ocrx_word' id='word_1_216' title='bbox 1252 2723 1322 2796; x_wconf 84' lang='lat' dir='ltr'><strong>lege</strong></span> 
     </span>
     <span class='ocr_line' id='line_1_23' title="bbox 152 2829 1321 2921; baseline 0.002 -26"><span class='ocrx_word' id='word_1_217' title='bbox 152 2835 247 2914; x_wconf 78' lang='grc' dir='ltr'><strong><em>νυνδὴ</em></strong></span> <span class='ocrx_word' id='word_1_218' title='bbox 279 2836 299 2896; x_wconf 87' lang='lat' dir='ltr'><strong>i.</strong></span> <span class='ocrx_word' id='word_1_219' title='bbox 328 2852 355 2897; x_wconf 91' lang='lat' dir='ltr'><strong>e.</strong></span> <span class='ocrx_word' id='word_1_220' title='bbox 379 2831 452 2916; x_wconf 75' lang='grc' dir='ltr'><strong><em>ἄρτι.</em></strong></span> <span class='ocrx_word' id='word_1_221' title='bbox 477 2829 496 2921; x_wconf 84' lang='grc' dir='ltr'><strong>ΙΙ</strong></span> <span class='ocrx_word' id='word_1_222' title='bbox 519 2839 660 2897; x_wconf 86' lang='lat' dir='ltr'><strong>Auctore</strong></span> <span class='ocrx_word' id='word_1_223' title='bbox 684 2837 821 2897; x_wconf 89' lang='lat' dir='ltr'><strong>Moeride</strong></span> <span class='ocrx_word' id='word_1_224' title='bbox 845 2833 929 2913; x_wconf 77' lang='lat' dir='ltr'><strong>(coll.</strong></span> <span class='ocrx_word' id='word_1_225' title='bbox 954 2836 1135 2897; x_wconf 83' lang='lat' dir='ltr'><strong>Scholiasta</strong></span> <span class='ocrx_word' id='word_1_226' title='bbox 1158 2837 1198 2897; x_wconf 93' lang='lat' dir='ltr'><strong>ad</strong></span> <span class='ocrx_word' id='word_1_227' title='bbox 1221 2837 1321 2898; x_wconf 87' lang='lat' dir='ltr'><strong>Arist.</strong></span> 
     </span>
     <span class='ocr_line' id='line_1_24' title="bbox 148 2946 1323 3030; baseline -0.002 -18"><span class='ocrx_word' id='word_1_228' title='bbox 148 2951 227 3013; x_wconf 81' lang='lat' dir='ltr'><strong>Rau.</strong></span> <span class='ocrx_word' id='word_1_229' title='bbox 248 2949 280 3029; x_wconf 83' lang='lat'><strong>6)</strong></span> <span class='ocrx_word' id='word_1_230' title='bbox 303 2952 449 3026; x_wconf 75' lang='lat' dir='ltr'><strong>praestat</strong></span> <span class='ocrx_word' id='word_1_231' title='bbox 467 2947 582 3030; x_wconf 80' lang='grc' dir='ltr'><strong><em>γέλοιον</em></strong></span> <span class='ocrx_word' id='word_1_232' title='bbox 605 2965 662 3025; x_wconf 88' lang='lat' dir='ltr'><strong>pro</strong></span> <span class='ocrx_word' id='word_1_233' title='bbox 684 2953 800 3029; x_wconf 80' lang='grc' dir='ltr'><strong><em>γελοῖον</em></strong></span> <span class='ocrx_word' id='word_1_234' title='bbox 823 2950 962 3010; x_wconf 83' lang='lat' dir='ltr'><strong>scribere</strong></span> <span class='ocrx_word' id='word_1_235' title='bbox 987 2946 1159 3029; x_wconf 74' lang='grc' dir='ltr'><strong><em>-γέλοιος</em></strong></span> <span class='ocrx_word' id='word_1_236' title='bbox 1182 2953 1323 3027; x_wconf 79' lang='grc' dir='ltr'><strong><em>Ἀττικῶς,</em></strong></span> 
     </span>
     <span class='ocr_line' id='line_1_25' title="bbox 146 3059 1321 3144; baseline 0 -20"><span class='ocrx_word' id='word_1_237' title='bbox 146 3068 258 3144; x_wconf 80' lang='grc' dir='ltr'><strong><em>γελοῖος</em></strong></span> <span class='ocrx_word' id='word_1_238' title='bbox 273 3059 453 3141; x_wconf 77' lang='grc' dir='ltr'><strong><em>Ἑλληνικῶς</em></strong></span> <span class='ocrx_word' id='word_1_239' title='bbox 467 3087 525 3137; x_wconf 90' lang='lat'><strong>-;</strong></span> <span class='ocrx_word' id='word_1_240' title='bbox 545 3063 685 3138; x_wconf 81' lang='lat' dir='ltr'><strong>Etymol.</strong></span> <span class='ocrx_word' id='word_1_241' title='bbox 708 3064 821 3137; x_wconf 82' lang='lat' dir='ltr'><strong>Magno</strong></span> <span class='ocrx_word' id='word_1_242' title='bbox 841 3065 926 3124; x_wconf 83' lang='lat' dir='ltr'><strong>inter</strong></span> <span class='ocrx_word' id='word_1_243' title='bbox 944 3059 1055 3142; x_wconf 79' lang='grc' dir='ltr'><strong><em>γέλοιος</em></strong></span> <span class='ocrx_word' id='word_1_244' title='bbox 1076 3065 1109 3124; x_wconf 81' lang='lat' dir='ltr'><strong>et</strong></span> <span class='ocrx_word' id='word_1_245' title='bbox 1128 3068 1240 3142; x_wconf 79' lang='grc' dir='ltr'><strong><em>γελοῖος</em></strong></span> <span class='ocrx_word' id='word_1_246' title='bbox 1261 3065 1321 3124; x_wconf 88' lang='lat' dir='ltr'><strong>dis-</strong></span> 
     </span>
     <span class='ocr_line' id='line_1_26' title="bbox 146 3177 1322 3261; baseline -0.002 -21"><span class='ocrx_word' id='word_1_247' title='bbox 146 3181 268 3242; x_wconf 88' lang='lat' dir='ltr'><strong>crimen</strong></span> <span class='ocrx_word' id='word_1_248' title='bbox 299 3180 458 3240; x_wconf 86' lang='lat' dir='ltr'><strong>statuenti</strong></span> <span class='ocrx_word' id='word_1_249' title='bbox 480 3178 561 3240; x_wconf 84' lang='lat' dir='ltr'><strong>fides</strong></span> <span class='ocrx_word' id='word_1_250' title='bbox 585 3180 796 3240; x_wconf 88' lang='lat' dir='ltr'><strong>abiudioanda</strong></span> <span class='ocrx_word' id='word_1_251' title='bbox 819 3180 879 3239; x_wconf 87' lang='lat' dir='ltr'><strong>est.</strong></span> <span class='ocrx_word' id='word_1_252' title='bbox 905 3213 945 3220; x_wconf 98' lang='lat'><strong>—</strong></span> <span class='ocrx_word' id='word_1_253' title='bbox 971 3177 1149 3238; x_wconf 84' lang='lat' dir='ltr'><strong>Marklandi</strong></span> <span class='ocrx_word' id='word_1_254' title='bbox 1173 3182 1207 3238; x_wconf 74' lang='lat' dir='ltr'><strong>cl</strong></span> <span class='ocrx_word' id='word_1_255' title='bbox 1230 3177 1322 3261; x_wconf 74' lang='grc' dir='ltr'><strong><em>ταύτῃ</em></strong></span> 
     </span>
     <span class='ocr_line' id='line_1_27' title="bbox 147 3289 1321 3371; baseline -0.003 -18"><span class='ocrx_word' id='word_1_256' title='bbox 147 3289 198 3370; x_wconf 74' lang='grc' dir='ltr'><strong>μὲν</strong></span> <span class='ocrx_word' id='word_1_257' title='bbox 224 3289 282 3371; x_wconf 71' lang='grc' dir='ltr'><strong>ἄρα</strong></span> <span class='ocrx_word' id='word_1_258' title='bbox 304 3292 419 3370; x_wconf 79' lang='grc' dir='ltr'><strong><em>ψεῦδος</em></strong></span> <span class='ocrx_word' id='word_1_259' title='bbox 440 3296 490 3352; x_wconf 91' lang='grc' dir='ltr'><strong>κτλ</strong></span> <span class='ocrx_word' id='word_1_260' title='bbox 513 3308 569 3367; x_wconf 86' lang='lat' dir='ltr'><strong>pro</strong></span> <span class='ocrx_word' id='word_1_261' title='bbox 592 3290 716 3369; x_wconf 73' lang='grc' dir='ltr'><strong><em>ποιητὴς</em></strong></span> <span class='ocrx_word' id='word_1_262' title='bbox 739 3296 788 3351; x_wconf 88' lang='grc' dir='ltr'><strong>κτλ</strong></span> <span class='ocrx_word' id='word_1_263' title='bbox 811 3292 932 3366; x_wconf 80' lang='lat' dir='ltr'><strong>placuit</strong></span> <span class='ocrx_word' id='word_1_264' title='bbox 956 3291 1147 3351; x_wconf 83' lang='lat' dir='ltr'><strong>Ruhnkenio</strong></span> <span class='ocrx_word' id='word_1_265' title='bbox 1172 3293 1204 3351; x_wconf 84' lang='lat' dir='ltr'><strong>et</strong></span> <span class='ocrx_word' id='word_1_266' title='bbox 1229 3291 1321 3352; x_wconf 82' lang='lat' dir='ltr'><strong>Stall-</strong></span> 
     </span>
     <span class='ocr_line' id='line_1_28' title="bbox 148 3405 1320 3480; baseline -0.003 -12"><span class='ocrx_word' id='word_1_267' title='bbox 148 3408 287 3470; x_wconf 91' lang='lat' dir='ltr'><strong>baumio.</strong></span> <span class='ocrx_word' id='word_1_268' title='bbox 312 3408 411 3468; x_wconf 85' lang='lat' dir='ltr'><strong>Recte</strong></span> <span class='ocrx_word' id='word_1_269' title='bbox 436 3409 545 3467; x_wconf 88' lang='lat' dir='ltr'><strong>autern</strong></span> <span class='ocrx_word' id='word_1_270' title='bbox 570 3421 685 3467; x_wconf 90' lang='lat' dir='ltr'><strong>omnes</strong></span> <span class='ocrx_word' id='word_1_271' title='bbox 709 3406 798 3467; x_wconf 87' lang='lat' dir='ltr'><strong>editt.</strong></span> <span class='ocrx_word' id='word_1_272' title='bbox 823 3405 991 3478; x_wconf 85' lang='lat' dir='ltr'><strong>vulgatam</strong></span> <span class='ocrx_word' id='word_1_273' title='bbox 1015 3405 1114 3465; x_wconf 89' lang='lat' dir='ltr'><strong>tutati</strong></span> <span class='ocrx_word' id='word_1_274' title='bbox 1135 3406 1221 3480; x_wconf 87' lang='lat' dir='ltr'><strong>sunt,</strong></span> <span class='ocrx_word' id='word_1_275' title='bbox 1246 3420 1320 3464; x_wconf 90' lang='lat' dir='ltr'><strong>curn</strong></span> 
     </span>
     <span class='ocr_line' id='line_1_29' title="bbox 148 3519 1321 3595; baseline -0.002 -16"><span class='ocrx_word' id='word_1_276' title='bbox 148 3521 202 3583; x_wconf 90' lang='lat' dir='ltr'><strong>illa</strong></span> <span class='ocrx_word' id='word_1_277' title='bbox 234 3520 333 3582; x_wconf 85' lang='lat' dir='ltr'><strong>verba</strong></span> <span class='ocrx_word' id='word_1_278' title='bbox 362 3521 466 3595; x_wconf 90' lang='lat' dir='ltr'><strong>lepide</strong></span> <span class='ocrx_word' id='word_1_279' title='bbox 493 3519 684 3594; x_wconf 80' lang='lat' dir='ltr'><strong>significent.</strong></span> <span class='ocrx_word' id='word_1_280' title='bbox 702 3524 801 3595; x_wconf 89' lang='lat' dir='ltr'><strong>,deus</strong></span> <span class='ocrx_word' id='word_1_281' title='bbox 823 3533 887 3578; x_wconf 93' lang='lat' dir='ltr'><strong>non</strong></span> <span class='ocrx_word' id='word_1_282' title='bbox 910 3519 1051 3579; x_wconf 86' lang='lat' dir='ltr'><strong>mendax</strong></span> <span class='ocrx_word' id='word_1_283' title='bbox 1071 3520 1126 3593; x_wconf 38' lang='lat' dir='ltr'><strong>,est</strong></span> <span class='ocrx_word' id='word_1_284' title='bbox 1148 3519 1186 3577; x_wconf 87' lang='lat' dir='ltr'><strong>ut</strong></span> <span class='ocrx_word' id='word_1_285' title='bbox 1203 3519 1321 3594; x_wconf 88' lang='lat' dir='ltr'><strong>poetae</strong></span> 
     </span>
     <span class='ocr_line' id='line_1_30' title="bbox 149 3627 1322 3709; baseline -0.002 -15"><span class='ocrx_word' id='word_1_286' title='bbox 149 3636 256 3696; x_wconf 86' lang='lat' dir='ltr'><strong>sunt.”</strong></span> <span class='ocrx_word' id='word_1_287' title='bbox 288 3634 361 3695; x_wconf 87' lang='lat' dir='ltr'><strong>Noli</strong></span> <span class='ocrx_word' id='word_1_288' title='bbox 390 3635 489 3709; x_wconf 84' lang='lat' dir='ltr'><strong>igitur</strong></span> <span class='ocrx_word' id='word_1_289' title='bbox 519 3635 649 3694; x_wconf 84' lang='lat' dir='ltr'><strong>textum</strong></span> <span class='ocrx_word' id='word_1_290' title='bbox 680 3631 853 3692; x_wconf 87' lang='lat' dir='ltr'><strong>sollicitare</strong></span> <span class='ocrx_word' id='word_1_291' title='bbox 883 3647 934 3691; x_wconf 87' lang='lat' dir='ltr'><strong>ex.</strong></span> <span class='ocrx_word' id='word_1_292' title='bbox 962 3646 1009 3704; x_wconf 84' lang='lat' dir='ltr'><strong>gr.</strong></span> <span class='ocrx_word' id='word_1_293' title='bbox 1042 3629 1197 3708; x_wconf 76' lang='grc' dir='ltr'><strong><em>προφήτης</em></strong></span> <span class='ocrx_word' id='word_1_294' title='bbox 1225 3627 1322 3708; x_wconf 81' lang='lat' dir='ltr'><strong>(quod</strong></span> 
     </span>
     <span class='ocr_line' id='line_1_31' title="bbox 149 3738 1321 3830; baseline -0.005 -19"><span class='ocrx_word' id='word_1_295' title='bbox 149 3751 186 3811; x_wconf 84' lang='lat' dir='ltr'><strong>ad</strong></span> <span class='ocrx_word' id='word_1_296' title='bbox 210 3764 346 3810; x_wconf 91' lang='lat' dir='ltr'><strong>manum</strong></span> <span class='ocrx_word' id='word_1_297' title='bbox 368 3745 429 3826; x_wconf 86' lang='lat' dir='ltr'><strong>est)</strong></span> <span class='ocrx_word' id='word_1_298' title='bbox 450 3748 644 3808; x_wconf 88' lang='lat' dir='ltr'><strong>coniciendo.</strong></span> <span class='ocrx_word' id='word_1_299' title='bbox 670 3738 689 3830; x_wconf 84' lang='grc' dir='ltr'><strong>ΙΙ</strong></span> <span class='ocrx_word' id='word_1_300' title='bbox 714 3746 842 3821; x_wconf 90' lang='lat' dir='ltr'><strong>Optime</strong></span> <span class='ocrx_word' id='word_1_301' title='bbox 862 3744 1001 3806; x_wconf 84' lang='lat' dir='ltr'><strong>Oobetus</strong></span> <span class='ocrx_word' id='word_1_302' title='bbox 1020 3747 1094 3818; x_wconf 91' lang='lat' dir='ltr'><strong>post</strong></span> <span class='ocrx_word' id='word_1_303' title='bbox 1113 3744 1182 3816; x_wconf 81' lang='grc' dir='ltr'><strong><em>τοὺς</em></strong></span> <span class='ocrx_word' id='word_1_304' title='bbox 1195 3743 1321 3824; x_wconf 77' lang='grc' dir='ltr'><strong><em>ἐχθροὺς</em></strong></span> 
     </span>
     <span class='ocr_line' id='line_1_32' title="bbox 149 3858 1319 3940; baseline -0.003 -17"><span class='ocrx_word' id='word_1_305' title='bbox 149 3864 284 3924; x_wconf 79' lang='lat' dir='ltr'><strong>verbum</strong></span> <span class='ocrx_word' id='word_1_306' title='bbox 313 3862 456 3940; x_wconf 79' lang='grc' dir='ltr'><strong><em>ψεύδοιτο</em></strong></span> <span class='ocrx_word' id='word_1_307' title='bbox 488 3863 656 3936; x_wconf 82' lang='lat' dir='ltr'><strong>expunxit.</strong></span> <span class='ocrx_word' id='word_1_308' title='bbox 688 3861 861 3934; x_wconf 80' lang='lat' dir='ltr'><strong>Elegantes</strong></span> <span class='ocrx_word' id='word_1_309' title='bbox 884 3858 1157 3931; x_wconf 88' lang='lat' dir='ltr'><strong>breviloquentias</strong></span> <span class='ocrx_word' id='word_1_310' title='bbox 1181 3874 1319 3919; x_wconf 88' lang='lat' dir='ltr'><strong>corrum-</strong></span> 
     </span>
     <span class='ocr_line' id='line_1_33' title="bbox 148 3971 1321 4050; baseline -0.001 -14"><span class='ocrx_word' id='word_1_311' title='bbox 148 3990 220 4050; x_wconf 91' lang='lat' dir='ltr'><strong>pere</strong></span> <span class='ocrx_word' id='word_1_312' title='bbox 251 3975 373 4037; x_wconf 90' lang='lat' dir='ltr'><strong>librarii</strong></span> <span class='ocrx_word' id='word_1_313' title='bbox 404 3976 519 4037; x_wconf 88' lang='lat' dir='ltr'><strong>solent.</strong></span> <span class='ocrx_word' id='word_1_314' title='bbox 546 4011 586 4019; x_wconf 89' lang='lat'><strong>—</strong></span> <span class='ocrx_word' id='word_1_315' title='bbox 610 3976 716 4037; x_wconf 89' lang='lat' dir='ltr'><strong>Verba</strong></span> <span class='ocrx_word' id='word_1_316' title='bbox 740 3972 807 4035; x_wconf 76' lang='grc' dir='ltr'><strong><em>οὔτε</em></strong></span> <span class='ocrx_word' id='word_1_317' title='bbox 829 3971 903 4034; x_wconf 82' lang='grc' dir='ltr'><strong><em>κατὰ</em></strong></span> <span class='ocrx_word' id='word_1_318' title='bbox 928 3972 1092 4048; x_wconf 81' lang='grc' dir='ltr'><strong><em>φαντασίας</em></strong></span> <span class='ocrx_word' id='word_1_319' title='bbox 1117 3976 1321 4046; x_wconf 87' lang='lat' dir='ltr'><strong>-quaein</strong></span> 
     </span>
     <span class='ocr_line' id='line_1_34' title="bbox 149 4086 1320 4166; baseline -0.002 -16"><span class='ocrx_word' id='word_1_320' title='bbox 149 4090 225 4152; x_wconf 89' lang='lat' dir='ltr'><strong>Par⁰</strong></span> <span class='ocrx_word' id='word_1_321' title='bbox 259 4091 289 4151; x_wconf 76' lang='lat' dir='ltr'>A</span> <span class='ocrx_word' id='word_1_322' title='bbox 324 4106 403 4151; x_wconf 87' lang='lat' dir='ltr'><strong>casu</strong></span> <span class='ocrx_word' id='word_1_323' title='bbox 435 4090 632 4166; x_wconf 87' lang='lat' dir='ltr'><strong>exciderunt,</strong></span> <span class='ocrx_word' id='word_1_324' title='bbox 657 4091 742 4150; x_wconf 89' lang='lat' dir='ltr'><strong>sicut</strong></span> <span class='ocrx_word' id='word_1_325' title='bbox 765 4091 798 4150; x_wconf 93' lang='lat' dir='ltr'><strong>in</strong></span> <span class='ocrx_word' id='word_1_326' title='bbox 822 4088 842 4165; x_wconf 68' lang='grc' dir='ltr'><strong>ξ</strong></span> <span class='ocrx_word' id='word_1_327' title='bbox 864 4089 890 4148; x_wconf 94' lang='grc' dir='ltr'>Β</span> <span class='ocrx_word' id='word_1_328' title='bbox 914 4089 1012 4150; x_wconf 88' lang='lat' dir='ltr'><strong>verba</strong></span> <span class='ocrx_word' id='word_1_329' title='bbox 1036 4086 1086 4147; x_wconf 82' lang='grc' dir='ltr'><strong>καὶ</strong></span> <span class='ocrx_word' id='word_1_330' title='bbox 1109 4087 1256 4165; x_wconf 79' lang='grc' dir='ltr'><strong><em>ἐψεῦσθαι</em></strong></span> <span class='ocrx_word' id='word_1_331' title='bbox 1278 4124 1320 4131; x_wconf 88' lang='grc'>-</span> 
     </span>
     <span class='ocr_line' id='line_1_35' title="bbox 148 4192 1319 4282; baseline -0.002 -16"><span class='ocrx_word' id='word_1_332' title='bbox 148 4206 318 4266; x_wconf 86' lang='lat' dir='ltr'><strong>servarunt</strong></span> <span class='ocrx_word' id='word_1_333' title='bbox 341 4218 455 4264; x_wconf 92' lang='lat' dir='ltr'><strong>omnes</strong></span> <span class='ocrx_word' id='word_1_334' title='bbox 475 4204 565 4264; x_wconf 88' lang='lat' dir='ltr'><strong>editt.</strong></span> <span class='ocrx_word' id='word_1_335' title='bbox 589 4205 717 4278; x_wconf 87' lang='lat' dir='ltr'><strong>praeter</strong></span> <span class='ocrx_word' id='word_1_336' title='bbox 740 4192 851 4265; x_wconf 87' lang='lat' dir='ltr'><strong>Herm.</strong></span> <span class='ocrx_word' id='word_1_337' title='bbox 876 4201 1060 4282; x_wconf 76' lang='lat' dir='ltr'><strong>(schmelz.)</strong></span> <span class='ocrx_word' id='word_1_338' title='bbox 1084 4206 1118 4264; x_wconf 94' lang='lat' dir='ltr'><strong>et</strong></span> <span class='ocrx_word' id='word_1_339' title='bbox 1140 4203 1319 4264; x_wconf 88' lang='lat' dir='ltr'><strong>Baiterum.</strong></span> 
     </span>
     <span class='ocr_line' id='line_1_36' title="bbox 150 4314 1320 4393; baseline -0.002 -14"><span class='ocrx_word' id='word_1_340' title='bbox 150 4317 229 4380; x_wconf 79' lang='lat' dir='ltr'><strong>(lum</strong></span> <span class='ocrx_word' id='word_1_341' title='bbox 260 4318 349 4383; x_wconf 89' lang='lat' dir='ltr'><strong>enirn</strong></span> <span class='ocrx_word' id='word_1_342' title='bbox 379 4319 478 4379; x_wconf 87' lang='lat' dir='ltr'><strong>verba</strong></span> <span class='ocrx_word' id='word_1_343' title='bbox 508 4314 576 4378; x_wconf 75' lang='grc' dir='ltr'><strong><em>οὔτε</em></strong></span> <span class='ocrx_word' id='word_1_344' title='bbox 605 4314 680 4376; x_wconf 83' lang='grc' dir='ltr'><strong><em>κατὰ</em></strong></span> <span class='ocrx_word' id='word_1_345' title='bbox 712 4317 876 4393; x_wconf 83' lang='grc' dir='ltr'><strong><em>φαντασίας</em></strong></span> <span class='ocrx_word' id='word_1_346' title='bbox 900 4333 957 4392; x_wconf 91' lang='lat' dir='ltr'><strong>per</strong></span> <span class='ocrx_word' id='word_1_347' title='bbox 979 4333 1015 4378; x_wconf 84' lang='lat' dir='ltr'><strong>se</strong></span> <span class='ocrx_word' id='word_1_348' title='bbox 1038 4317 1121 4378; x_wconf 91' lang='lat' dir='ltr'><strong>bona</strong></span> <span class='ocrx_word' id='word_1_349' title='bbox 1143 4317 1221 4391; x_wconf 89' lang='lat' dir='ltr'><strong>sint,</strong></span> <span class='ocrx_word' id='word_1_350' title='bbox 1245 4318 1320 4378; x_wconf 89' lang='lat' dir='ltr'><strong>reci·</strong></span> 
     </span>
     <span class='ocr_line' id='line_1_37' title="bbox 150 4433 548 4508; baseline -0.008 -13"><span class='ocrx_word' id='word_1_351' title='bbox 150 4434 262 4508; x_wconf 81' lang='lat' dir='ltr'><strong>pianda</strong></span> <span class='ocrx_word' id='word_1_352' title='bbox 284 4434 367 4494; x_wconf 91' lang='lat' dir='ltr'><strong>mihi</strong></span> <span class='ocrx_word' id='word_1_353' title='bbox 390 4433 548 4494; x_wconf 85' lang='lat' dir='ltr'><strong>videntur.</strong></span> 
     </span>
    </p>

    <p class='ocr_par' dir='ltr' id='par_1_3' title="bbox 187 4540 1320 4624">
     <span class='ocr_line' id='line_1_38' title="bbox 187 4540 1320 4624; baseline -0.004 -16"><span class='ocrx_word' id='word_1_354' title='bbox 187 4547 256 4609; x_wconf 80' lang='lat' dir='ltr'><strong>Sec.</strong></span> <span class='ocrx_word' id='word_1_355' title='bbox 293 4545 423 4622; x_wconf 82' lang='lat' dir='ltr'><strong>(lampb.</strong></span> <span class='ocrx_word' id='word_1_356' title='bbox 459 4548 530 4608; x_wconf 90' lang='lat' dir='ltr'><strong>Par.</strong></span> <span class='ocrx_word' id='word_1_357' title='bbox 562 4546 592 4607; x_wconf 83' lang='lat' dir='ltr'>A</span> <span class='ocrx_word' id='word_1_358' title='bbox 621 4546 733 4621; x_wconf 88' lang='lat' dir='ltr'><strong>partic.</strong></span> <span class='ocrx_word' id='word_1_359' title='bbox 767 4540 854 4616; x_wconf 73' lang='grc' dir='ltr'><strong><em>ὄντας</em></strong></span> <span class='ocrx_word' id='word_1_360' title='bbox 884 4547 958 4620; x_wconf 90' lang='lat' dir='ltr'><strong>post</strong></span> <span class='ocrx_word' id='word_1_361' title='bbox 979 4543 1087 4624; x_wconf 79' lang='grc' dir='ltr'><strong><em>γόητας</em></strong></span> <span class='ocrx_word' id='word_1_362' title='bbox 1111 4554 1177 4605; x_wconf 76' lang='lat' dir='ltr'><strong>noo</strong></span> <span class='ocrx_word' id='word_1_363' title='bbox 1198 4545 1320 4606; x_wconf 88' lang='lat' dir='ltr'><strong>omisit.</strong></span> 
     </span>
    </p>
   </div>
   <div class='ocr_carea' id='block_1_3' title="bbox 0 0 1504 5018">
    <p class='ocr_par' dir='ltr' id='par_1_4' title="bbox 0 0 1504 5018">
     <span class='ocr_line' id='line_1_39' title="bbox 0 0 1504 5018; baseline 0 0"><span class='ocrx_word' id='word_1_364' title='bbox 0 0 1504 5018; x_wconf 95' lang='lat' dir='ltr'><strong> </strong></span> 
     </span>
    </p>
   </div>
  </div>
 </body>
</html>
