3000 5018
822 268 862 325 84

251 450 344 511 Aetio
367 453 558 512 contendere
582 452 653 512 ὥστε
676 445 752 511 εἶναι
775 453 862 514 idem
886 451 1066 526 significare
1092 453 1175 524 quod
1199 458 1252 510 τού
1279 443 1369 511 εἶναι.
1398 448 1440 511 Τὸ

253 565 340 624 enim
364 560 580 645 ἀποτυγχάνειν
603 565 723 626 πάντων
746 565 845 627 efficit
868 564 899 625 τὸ
920 564 966 643 μὴ
987 562 1137 644 ἐλλόγιμος
1157 556 1243 642 εἶναι,
1263 580 1440 639 nunquam

253 673 285 735 τὸ
309 674 364 736 itt.
388 670 473 737 εἶναι.

109 781 172 840 395
202 776 232 843 Α
301 791 412 852 Stallb.
444 793 551 864 (1858)
585 808 611 854 c.
643 794 798 870 Bekkero,
822 795 915 854 Astio
940 790 1122 870 ἐπιτηδεύσει
1146 788 1176 851 τέ
1198 815 1224 851 τι
1247 790 1309 869 ύμα
1336 794 1440 868 dedit,

254 905 337 977 quod
369 905 442 966 ferri
471 909 588 983 potest,
613 922 812 980 quamquam
836 909 869 967 et
892 907 1025 981 vulgata
1044 922 1079 966 se
1105 906 1185 966 bene
1209 906 1317 967 habet.
1345 907 1440 968 Lect.

254 1012 381 1077 δύναιντ’
408 1013 446 1077 ἀν
470 1020 556 1080 male
576 1020 687 1081 staub.
711 1036 738 1081 e.
761 1021 877 1081 deterr.
898 1020 1061 1081 codicibus
1081 1019 1202 1094 recepit
1221 1034 1278 1094 pro
1299 1019 1443 1093 vulgato

254 1129 405 1191 δύνανται.
434 1165 472 1172 -
497 1133 574 1193 Mihi
600 1148 667 1194 voc.
692 1132 748 1193 δύο
768 1136 844 1194 ante
865 1131 1017 1211 μιμήματα
1038 1133 1184 1207 spurium
1206 1146 1280 1192 esse
1293 1132 1440 1209 videtur,

254 1246 329 1319 quia
359 1247 392 1307 in
423 1247 615 1307 universum
646 1249 725 1308 haec
756 1249 950 1323 dictasunt,
974 1247 1084 1320 itaque
1108 1247 1218 1306 utrum
1242 1246 1282 1306 de
1307 1246 1441 1307 duobus

253 1375 295 1420 an
329 1360 368 1420 de
401 1360 547 1435 pluribus
580 1361 728 1421 imitandi
758 1362 929 1435 generibus
960 1361 1140 1434 cogitemus
1172 1359 1253 1420 nibil
1283 1359 1440 1420 interest.

205 1465 228 1533 C
253 1473 344 1533 Plato
364 1474 434 1534 sine
454 1475 549 1534 dubio
569 1471 608 1533 τὼ
629 1473 769 1534 δοκοῦντι
790 1475 969 1549 scripturus
989 1474 1104 1534 fuerat.
1130 1464 1149 1555 ΙΙ
1174 1472 1305 1547 Optime
1318 1473 1441 1533 Aetius

252 1586 392 1646 correxit
413 1584 454 1646 τὸ
477 1579 553 1645 εἶναι
576 1583 785 1646 ἀπολαύσωσιν
810 1592 875 1662 (pro
899 1595 952 1647 τού
976 1608 997 1646 ε.
1022 1583 1072 1662 ἀ),
1097 1587 1181 1659 quod
1201 1585 1294 1646 unice
1317 1601 1440 1647 verum

252 1714 324 1760 esse
356 1700 407 1760 vel
438 1700 508 1764 sola
540 1701 709 1774 sequentia
741 1699 775 1758 oi
796 1700 930 1778 μιμήσεις
944 1746 949 1758 .
964 1746 970 1759 .
984 1746 990 1759 .
1004 1746 1010 1759 .
1024 1698 1065 1771 εἰς
1089 1696 1146 1776 ἕδη
1170 1719 1199 1757 τε
1223 1696 1273 1758 καλ
1300 1697 1443 1759 duom

250 1812 442 1872 καθίστανται
486 1813 720 1875 demonstrant.
769 1814 873 1875 Ceteri
907 1802 998 1874 editt.
1035 1809 1245 1872 ἀπολαύσωσιν
1280 1811 1439 1874 absolute

250 1927 394 2002 positum
429 1941 501 1986 esse
537 1927 647 1988 dicunt
681 1942 745 1988 non
777 1929 965 2002 reputantes
997 1942 1062 2002 ece,
1095 1926 1151 1998 qui
1180 1931 1233 1984 τού
1266 1917 1346 1983 εἶναι
1376 1930 1437 1996 (sc.

252 2035 374 2117 αἰσχροὶ)
406 2037 625 2117 ἀπολαύσωσιν,
655 2041 722 2101 iam
750 2058 810 2102 ease
833 2041 1031 2116 turpitudine
1054 2040 1187 2115 infectos,
1209 2039 1294 2112 quod
1314 2041 1435 2114 ipsum

196 2146 418 2213 livitanoum
452 2169 524 2214 esse
555 2154 704 2215 Socrates
735 2157 855 2216 monet.
882 2146 902 2238 ΙΙ
926 2155 1073 2215 Pessime
1099 2155 1128 2215 J.
1154 2154 1286 2214 Richter
1312 2153 1435 2224 (Fleck.

249 2266 319 2327 Jbb.
354 2268 437 2327 1867
470 2268 520 2328 bd.
554 2268 606 2338 95)
638 2268 676 2328 ci.
709 2265 812 2344 φωνὰς
842 2265 892 2327 καὶ
919 2265 1105 2344 κατασκευὴν
1128 2261 1178 2326 κοιλ
1203 2265 1344 2326 διάνοιαν
1368 2283 1435 2329 non

249 2379 433 2453 intelligens
457 2381 509 2440 hic
531 2381 646 2454 opponi
667 2382 776 2442 animo
797 2397 921 2457 corpuS,
942 2380 1052 2456 itaque
1071 2381 1212 2442 alterum
1231 2377 1308 2439 κατὰ
1321 2381 1434 2442 omitti

249 2507 312 2552 non
343 2507 448 2566 posse.
480 2494 550 2552 Iam
584 2493 695 2554 Stallb.
729 2496 837 2565 (1858)
869 2495 1004 2555 articulo
1028 2492 1082 2572 τὴν
1106 2495 1249 2554 offensus
1274 2509 1292 2553 e
1318 2494 1434 2568 paucis

249 2606 337 2666 codd.
363 2607 478 2667 deterr.
503 2606 573 2664 vam
598 2607 623 2666 L
646 2603 719 2665 κατὰ
740 2605 877 2666 διάναιαν
898 2608 1115 2682 recipiendam
1134 2605 1308 2683 iudicabat,
1331 2607 1433 2682 male,

250 2735 448 2792 quamquam
474 2720 507 2779 et
530 2720 610 2779 mihi
633 2719 724 2780 locus
744 2736 808 2780 non
826 2736 927 2781 sanus
948 2721 1083 2781 videtur.
1105 2720 1187 2780 Puto
1209 2715 1315 2795 φωνὰς
1334 2720 1433 2780 inter·

249 2833 384 2907 polatori
407 2833 524 2909 deberi,
550 2834 604 2906 qui
627 2833 797 2906 sequentia
826 2835 900 2903 (397
921 2834 956 2904 B)
984 2834 1051 2893 iarn
1079 2833 1130 2893 hic
1152 2832 1270 2907 respici
1296 2832 1432 2893 arbitra·

249 2948 353 3019 retur;
394 2947 503 3020 itaque
538 2947 654 3007 deletis
688 2944 738 3005 καὶ
773 2944 876 3022 φωνὰς
912 2946 1083 3020 legendum
1118 2960 1235 3007 censeo
1270 2941 1322 3004 καλ
1357 2944 1435 3006 κατὰ

254 3055 356 3132 <τὸ>
392 3067 475 3134 σῶμα
507 3056 557 3118 κοιλ
587 3056 661 3117 κατὰ
691 3057 745 3136 τὴν
779 3058 924 3119 διάνοιαν.
952 3059 1057 3120 Verba
1081 3061 1168 3120 enim
1192 3054 1323 3118 κατὰτὸ
1346 3067 1435 3138 σῶμα

198 3173 226 3238 Ε
249 3174 427 3246 generatim
460 3173 602 3234 indicant
629 3176 751 3250 gestus,
776 3175 917 3250 habitus,
941 3190 1052 3250 uocem,
1079 3173 1217 3250 vultum,
1242 3173 1379 3235 similia.
1406 3171 1424 3252 ΙΙ

251 3287 389 3361 Optimis
409 3287 498 3348 codd.
520 3291 630 3347 πολλοῦ
653 3291 707 3366 [γε]
730 3285 779 3346 καλ
799 3286 943 3364 δεήσομεν
963 3287 1191 3362 praebentibus
1212 3288 1300 3347 recte
1317 3303 1436 3350 omnes

251 3401 341 3461 editt.
366 3402 551 3475 paruerunt.
577 3401 660 3474 Lege
685 3399 781 3478 νυνδὴ
806 3401 826 3461 i.
851 3417 878 3461 e.
903 3397 976 3478 ἀρτι.
1008 3429 1011 3434 -

106 3509 169 3568 396
199 3504 230 3571 Α
299 3512 527 3587 corrigendum
563 3515 640 3588 puto
678 3509 720 3592 [ἢ]
752 3511 802 3572 καὶ
833 3509 905 3572 ἀλλα
938 3512 991 3573 ύσα
1023 3512 1055 3572 οἱ
1074 3516 1134 3590 κτλ,
1157 3513 1234 3586 quia
1257 3514 1360 3576 verba
1385 3514 1436 3576 καὶ

250 3622 323 3684 ἅλλα
352 3630 401 3685 κτλ
433 3628 472 3686 ad
500 3626 679 3704 πράττοντας
702 3629 881 3703 pertinent:
907 3627 1023 3699 δειλούς
1046 3649 1075 3686 σε
1099 3625 1150 3686 καλ
1173 3623 1317 3687 τάναντία
1341 3631 1436 3711 repeir-

250 3760 352 3809 κοντας
365 3784 451 3796 .....
475 3737 525 3797 καλ
548 3736 638 3812 ἀλλα;
661 3741 700 3800 de
724 3742 892 3816 copulandi
916 3743 1040 3802 ratione
1063 3757 1120 3817 per
1143 3763 1172 3801 τε
1194 3741 1344 3803 καλ-καλ
1369 3746 1435 3808 vid.

251 3852 337 3912 dicta
368 3853 408 3912 ad
440 3855 503 3912 329
530 3854 559 3912 A
584 3854 641 3914 ult.
666 3856 897 3929 Praegressum
921 3851 940 3933 λ)
964 3853 1014 3914 καλ
1036 3857 1205 3916 librarium
1229 3856 1262 3916 in
1287 3872 1435 3918 errorem

250 3965 432 4025 induxerat.
464 3966 514 4026 Ad
538 3966 691 4026 iteratam
714 3970 985 4042 praepositionem
1008 3970 1041 4029 in
1070 3970 1177 4030 verbis
1201 3966 1241 4041 εἰς
1266 3966 1384 4042 αύτούς
1407 3992 1436 4030 τε

196 4082 226 4146 Β
249 4077 299 4137 καὶ
322 4077 363 4150 εἰς
386 4074 493 4149 ἄλλους
517 4079 556 4139 cf.
582 4079 663 4140 Phil.
689 4081 730 4139 50
754 4081 780 4138 B
804 4077 835 4139 ἐν
858 4080 984 4159 θρήνοις
1008 4103 1037 4141 τε
1060 4079 1110 4140 καὶ
1134 4079 1165 4141 ἐν
1186 4081 1379 4166 τραγῳδίαις.
1404 4076 1424 4168 ΙΙ

249 4192 363 4252 Verbis
395 4190 423 4249 σί
451 4188 499 4263 δὲ;
530 4191 641 4263 ἵππους
664 4192 880 4271 χρεμετίζοντας
903 4200 953 4253 κτλ
978 4197 1037 4258 ΤΗ.
1062 4197 1170 4256 ΗΕΙΝΕ
1195 4197 1244 4267 (de
1268 4211 1334 4270 quo
1361 4198 1436 4259 vide

200 4303 224 4370 C
248 4305 287 4365 ad
313 4306 375 4365 377
400 4305 436 4375 D)
461 4306 715 4380 dithyrambicos
738 4310 850 4382 poetas
873 4310 1062 4382 perstrictos
1085 4311 1189 4384 putat.
1214 4299 1234 4392 ΙΙ
1257 4308 1340 4371 Dele
1361 4314 1436 4387 post

192 4416 223 4482 l)
246 4417 340 4501 τούτῳ
361 4435 428 4479 voc.
451 4413 538 4496 εἶδος,
558 4436 631 4481 cum
654 4421 747 4505 τούτῳ
767 4422 833 4482 iam
853 4421 1013 4495 significet
1032 4423 1125 4507 τούτῳ
1146 4432 1185 4506 τῷ
1199 4421 1277 4482 εἴδει.
1291 4414 1312 4508 ΙΙ
1327 4424 1436 4486 Verba

246 4530 298 4591 καὶ
322 4524 408 4610 ἧττον
433 4537 669 4611 expungantur,
690 4536 775 4595 sicut
795 4536 898 4595 417ss
921 4537 960 4595 ad
979 4534 1056 4596 πολύ
1077 4536 1166 4596 πλείω
1186 4537 1305 4610 aliquis
1318 4542 1436 4616 μᾶλλον

89 4604 111 4720 λ
