3000 5018
666 251 728 310 135

111 433 252 507 primum
283 433 333 493 bis
364 433 450 494 idem
478 434 603 494 dicatur
626 431 656 512 (l)
678 432 711 494 ιδ
733 432 827 494 κακὸν
851 437 884 496 et
906 431 925 514 ἢ
948 433 1002 512 τὴν
1026 444 1078 495 τοῦ
1101 435 1234 516 άφρονάς
1256 463 1286 500 πε

112 543 299 624 calcanco),
323 547 436 608 deinde
459 548 556 608 multi
579 549 756 624 optimique
782 552 870 611 codd.
894 566 921 611 c.
943 551 1080 612 Stobaeo
1099 555 1173 626 post
1191 564 1287 615 κακοῦ

111 660 230 720 addant
261 661 357 734 (prob.
389 661 472 721 Bait.
505 664 538 722 et
570 661 717 736 camptu)
742 660 792 722 καί
814 667 907 722 καλοῦ
931 654 970 723 αὖ
996 667 1081 735 (ante
1105 666 1285 744 σπουδάζει),

110 773 246 846 denique
277 774 375 834 verba
403 771 442 845 ὡς
465 774 581 853 γελοίου
605 777 738 837 ridicule
761 777 967 838 adhaereant.
992 778 1210 857 Hermannus,
1234 783 1286 843 cui

108 887 213 960 primo
255 887 346 947 fraus
379 887 531 964 suboluit,
567 889 645 962 legit
682 885 709 960 [ὁ
745 893 950 969 γελωτοποιεῖν
963 936 969 948 .
983 936 988 948 .
1084 901 1190 969 κακοῦ,
1222 892 1283 966 καὶ]

108 1003 204 1060 καλοῦ
227 990 266 1060 αὖ
291 999 451 1071 σπουδάζει
474 998 548 1078 πρὸς
571 1005 631 1078 πελ,
654 1002 750 1078 male,
771 1018 848 1063 nam
872 1018 936 1063 non
960 1006 1055 1065 modo
1081 1006 1178 1067 verba
1201 1022 1285 1079 quae

107 1113 215 1189 eiecit,
243 1113 378 1173 minime
401 1114 682 1187 interpolationem
704 1115 859 1191 redolent,
883 1115 939 1176 sed
963 1117 1064 1177 etiam
1088 1118 1167 1178 illud
1191 1121 1285 1178 καλοῦ

108 1242 242 1300 prorsus
275 1223 494 1304 ridiculum),
530 1229 605 1302 quia
637 1226 670 1288 ιδ
701 1226 793 1288 καλὸν
824 1244 956 1304 prorsus
984 1230 1071 1291 idern
1102 1234 1154 1293 est
1185 1249 1222 1293 ao
1253 1231 1285 1292 ιδ

110 1336 230 1419 άγαθόν
260 1355 319 1401 nec
342 1341 434 1400 Plato
456 1356 600 1414 unquam
624 1343 762 1402 scribere
786 1343 892 1416 potuit
916 1342 1075 1415 σπουδάζει
1099 1343 1172 1423 πρὸς
1196 1342 1286 1405 άλλον

107 1450 174 1512 τινὰ
197 1453 309 1514 σκοπὸν
333 1459 406 1526 (τοῦ)
426 1459 519 1514 καλοῦ
538 1453 558 1535 δ)
578 1454 629 1516 τὸν
649 1464 703 1516 τοῦ
723 1454 844 1535 ἀγαθοῦ
865 1456 986 1515 σκοπόν.
999 1458 1104 1519 Verba
1123 1456 1173 1518 καί
1192 1463 1285 1518 καλοῦ

108 1583 125 1628 e
159 1581 348 1642 praegresso
377 1565 428 1627 καί
456 1577 551 1628 κακοῦ
582 1541 799 1643 dittographia
830 1570 908 1629 nata
941 1585 1013 1630 esse
1044 1572 1078 1630 et
1108 1572 1222 1632 deinde
1245 1562 1284 1631 αὖ

109 1682 416 1743 accommodationis
441 1683 547 1756 gratia
568 1684 731 1743 intrusum
755 1699 774 1743 a
798 1683 1033 1743 correctoribus
1057 1685 1144 1744 recta
1170 1685 1283 1746 Stallb.

112 1797 220 1866 (1829)
251 1796 436 1870 suspicatus
465 1799 525 1857 est.
557 1798 675 1857 Totum
705 1798 813 1857 locum
840 1800 917 1856 recta
939 1796 1029 1856 solus
1053 1796 1191 1858 Oobetus
1214 1814 1283 1859 con·

111 1909 219 1968 stituit
242 1908 305 1970 sic:
332 1903 376 1981 [ὃς
395 1913 510 1988 γελοῖον
523 1956 529 1967 .
542 1955 548 1968 .
562 1955 568 1968 .
582 1955 588 1968 .
600 1907 661 1981 καὶ]
684 1906 699 1968 ὅ
718 1913 924 1988 γελωτοποιεῖν
937 1956 942 1968 .
954 1955 974 1968 ..
985 1956 1007 1969 ..
1030 1908 1080 1982 [ὡς
1092 1909 1219 1990 γελοίου]
1231 1957 1236 1970 .

111 2015 165 2100 ἢ)
200 2020 377 2092 σπουδάζειν
412 2022 459 2093 (V.
492 2024 537 2099 L,
570 2023 691 2098 Steph.)
723 2020 807 2100 [πρὸς
822 2016 855 2093 ³)]
867 2067 939 2081 .....
959 2022 1284 2101 <προ>σιησάμενος

110 2138 168 2194 ιιλ.
194 2136 425 2196 Ἀιωοιονοωλ
459 2136 577 2208 aliquis
606 2137 639 2195 in
671 2151 735 2210 mg.
766 2136 879 2211 paucis
910 2135 1054 2196 Platonis
1086 2137 1283 2197 sententiam

110 2249 383 2322 comprehendens
418 2247 540 2325 μάταιος
574 2243 607 2320 ὃς
636 2252 751 2328 γελοῖον
783 2246 852 2308 ἄλλο
883 2271 910 2307 ιι
940 2244 1052 2329 ἡγεῖται
1082 2246 1102 2327 λ)
1126 2247 1158 2309 τὸ
1181 2249 1284 2328 ιιαιιόν,

108 2377 191 2435 quae
225 2362 463 2422 animadversio
493 2378 512 2422 a
542 2362 677 2422 librario.
702 2362 816 2422 stolide
849 2362 882 2421 in
917 2364 1048 2423 textum
1070 2363 1201 2423 invecta
1222 2365 1283 2425 est.

109 2475 214 2537 Verba
236 2473 276 2546 ὡς
298 2474 414 2555 γελοίου
437 2491 501 2537 non
524 2477 618 2536 modo
638 2476 766 2553 frigent,
787 2478 843 2537 sed
866 2475 991 2536 nullam
1011 2477 1285 2537 constructionem

109 2587 240 2649 habent.
272 2589 349 2648 Post
380 2586 492 2647 σκοπὸν
522 2589 616 2650 facile
646 2609 719 2668 προ-
749 2589 839 2649 vocis
869 2589 1109 2668 προστησάμενος
1138 2589 1286 2649 excidere

110 2703 255 2778 potuisse
289 2702 455 2762 neminem
489 2702 600 2775 fugiet.
632 2702 848 2763 Herwerdeno
880 2701 953 2772 (Mn.
989 2702 1084 2771 1883)
1116 2701 1286 2761 conicienti

113 2811 141 2886 [ὁ
172 2832 198 2877 ο.
230 2816 335 2886 Aetio]
366 2818 422 2894 γελ.
454 2817 487 2875 et
514 2812 674 2893 ἀποβλέπει
698 2815 851 2875 assentiri
875 2828 1008 2888 nequeo,
1034 2812 1110 2886 quia
1134 2814 1231 2872 verba
1253 2807 1286 2884 ὃς

39 2910 42 2916 ’
110 2932 226 3009 γελοῖον
249 2932 299 2988 ιιιλ
323 2929 453 2989 omnino
476 2928 642 2988 abicienda
665 2929 752 3001 puto.
778 2918 797 3009 Ι(
818 2926 925 2986 Etiam
947 2925 1086 2986 Oobetus
1106 2927 1178 2995 (Mn.
1202 2924 1286 2987 1875

111 3061 141 3122 p.
167 3046 242 3114 861)
266 3045 459 3119 scripturam
480 3041 688 3121 φιλοπαίσμων
708 3042 865 3117 probavit.
887 3043 1038 3103 Praestat
1058 3041 1215 3114 corrigere
1233 3039 1288 3099 εἴιε

115 3159 240 3232 (τις)
264 3156 489 3234 σπουδασιιιιάς,
509 3157 584 3230 quia
604 3156 689 3217 inter
708 3171 743 3216 se
762 3157 923 3216 contraria
935 3155 1146 3230 opponuntur.
1161 3155 1288 3228 Optime

113 3272 252 3333 Cobetus
279 3286 358 3330 corr.
384 3268 497 3346 δυνατὴ
525 3264 627 3346 <ε)>
654 3268 744 3344 φύσις
770 3264 800 3345 [ἡ
826 3266 1016 3346 ἀνθρωπίνη]
1040 3263 1059 3343 ι)
1085 3265 1202 3344 θήλεια,
1224 3282 1288 3325 non

112 3387 208 3447 modo
239 3387 278 3447 ob
307 3386 558 3459 grammaticam
583 3389 673 3458 (opus
698 3385 786 3444 enim
810 3387 879 3443 erat
903 3379 921 3460 ἡ
947 3379 1016 3441 dvo.
1042 3381 1132 3456 φύσις
1155 3376 1173 3457 ἡ
1197 3379 1288 3456 elil),

113 3501 169 3561 sed
203 3500 397 3575 praesertim
429 3499 505 3571 quia
534 3496 634 3556 verba
664 3493 730 3574 περὶ
761 3494 861 3556 αὐτῶν
881 3496 913 3566 (i.
938 3512 965 3555 e.
990 3491 1056 3571 περί
1078 3502 1130 3570 τῆς
1152 3492 1290 3569 ιοιαάιιγς

112 3613 274 3690 μεταβολῆς
298 3613 331 3672 in
351 3612 377 3671 B
398 3611 467 3681 ult.)
489 3610 614 3669 nullam
635 3608 869 3670 dubitationem
890 3607 1090 3668 auditoribus
1110 3607 1290 3679 relinquere

113 3726 262 3800 poterant
295 3725 373 3798 quin
403 3725 441 3784 de
474 3722 674 3797 mulieribus,
706 3738 770 3782 non
802 3738 853 3782 ex.
886 3736 932 3795 gr.
968 3723 1007 3782 de
1035 3722 1136 3780 subus
1159 3719 1290 3779 feminis

113 3853 221 3899 sermo
245 3841 343 3901 esset.

148 4131 165 4192 ¹)
181 4135 317 4180 Praeterea
333 4139 375 4179 υοά
392 4138 464 4180 καλοί
482 4133 656 4192 requireretur
673 4128 788 4195 (attende
806 4132 873 4177 enim
891 4131 924 4177 ad
941 4137 995 4177 εοά
1012 4125 1128 4192 άγαδοά).

145 4209 165 4270 ²¹)
182 4212 251 4257 Illud
276 4212 287 4272 ι)
311 4227 325 4258 ιι
345 4212 418 4259 codd.
437 4214 518 4269 abest,
535 4211 581 4258 sed
599 4212 625 4257 in
643 4212 762 4258 omnibus
779 4213 872 4256 veteru.
890 4210 961 4256 editt.
980 4213 1119 4268 comparat.
1137 4208 1246 4253 Burrrrnn
1264 4207 1290 4250 et

113 4293 263 4338 Scaunmnn
284 4290 352 4337 idom
376 4291 506 4349 exhibent,
530 4290 599 4349 quod
624 4289 713 4337 Stallb.
738 4283 825 4350 (1850)
849 4288 936 4334 edidit.
964 4289 1058 4334 berrue
1085 4284 1171 4350 (1814)
1196 4287 1226 4332 ci.
1250 4286 1289 4332 καί

113 4376 272 4430 γελωτοποιεῖν
295 4373 477 4433 δπιχειρελ.,....
502 4367 514 4428 ἢ
537 4370 590 4432 περ(
610 4373 681 4414 καλοῦ
698 4363 728 4412 αὖ
746 4365 883 4420 σπουδάζεις
900 4368 990 4425 postea
1008 4362 1095 4429 (1822)
1117 4369 1202 4412 autom
1220 4364 1288 4410 idem

114 4451 206 4498 deletis
224 4451 308 4498 verbis
325 4451 377 4511 περὶ
395 4453 467 4495 καλοῦ
484 4444 520 4495 αὖ.

146 4525 167 4592 ³)
186 4529 251 4593 Πρὸς
268 4527 356 4576 delent
374 4529 450 4575 etiarn
467 4528 504 4576 W.
521 4529 553 4574 H.
572 4526 729 4585 Thompson,
746 4524 857 4582 Madvig,
876 4521 1069 4572 Horwerdenns.
