3000 5018
457 1795 597 1890 Pan
612 1795 881 1890 nunilo.

129 2411 273 2470 Platonis
296 2428 377 2486 opus
400 2413 612 2486 praeclarum,
637 2413 721 2485 quod
746 2412 959 2471 ΠΟΛΙΤΕΙΑ
982 2414 1173 2487 inscriptum
1193 2418 1254 2491 est,

84 2522 233 2596 plurimis
257 2525 431 2583 virtutibus
454 2525 610 2599 splendet,
636 2527 693 2585 sed
713 2525 877 2584 nonnullis
899 2527 987 2585 vitiis
1006 2542 1131 2599 quoque
1151 2528 1254 2588 detur·

84 2639 189 2711 patur,
214 2653 350 2710 quorum
374 2639 438 2697 alia
461 2639 523 2712 ipsi
547 2640 670 2698 auctori
686 2640 860 2713 debentur,
888 2640 953 2698 alia
976 2656 996 2699 a
1019 2640 1159 2699 librariis
1180 2643 1257 2700 sunt
1347 2626 1350 2631 ⁴

84 2751 221 2811 invecta.
254 2753 436 2824 Utrumque
467 2755 659 2814 mendorum
688 2768 791 2826 genus
818 2755 883 2813 iam
910 2755 1063 2827 permulti
1088 2755 1147 2813 viri
1171 2754 1256 2815 docti

84 2842 278 2940 tractarunt,¹
306 2866 385 2926 illud
415 2867 576 2940 imprimis
608 2869 644 2925 ut
672 2882 729 2940 par
753 2869 823 2926 erat
846 2866 1025 2947 philosophi
1050 2870 1082 2926 et
1105 2868 1255 2928 iuriscon-

85 2979 172 3051 sulti,
197 2980 256 3038 hoe
280 2979 440 3052 philologi.
466 2979 533 3054 Quo
557 2976 652 3038 modo
676 2978 722 3037 illi
747 2995 881 3039 munere
902 2996 962 3039 suo
983 2980 1084 3039 functi
1106 2981 1173 3039 sint
1192 2996 1256 3039 non

85 3092 137 3149 hio
169 3094 219 3151 est
249 3092 338 3151 loeus
369 3093 587 3166 examinandi,
619 3107 716 3164 quam
751 3108 826 3152 vero
858 3108 990 3166 operam
1021 3092 1254 3165 philologorurn

85 3220 165 3276 gens
194 3206 393 3276 praestiterit
423 3208 483 3264 hoo
512 3205 665 3278 opusculo
697 3205 869 3263 diiudicare
903 3220 940 3263 ao
971 3205 1147 3277 ponderare
1175 3206 1256 3264 mibi

85 3318 117 3374 in
141 3317 249 3375 animo
280 3320 339 3376 est.
363 3318 456 3376 Haud
481 3332 591 3376 vereor
614 3332 655 3375 ne
678 3317 711 3374 in
735 3317 879 3375 virorum
904 3316 1074 3404 doctorum
1100 3317 1255 3388 vitupera·

85 3431 208 3488 tionem
227 3431 390 3487 incurram
411 3431 493 3500 quod
509 3433 582 3503 post
595 3432 644 3489 tot
656 3431 829 3500 tantasque
843 3429 1001 3487 editorum
1016 3427 1255 3504 excellentium,

87 3556 223 3612 quorum
239 3541 419 3599 innumero
432 3541 643 3616 Stephanum,
656 3541 798 3614 Aetium,
811 3540 1006 3613 Bekkerum‚
1020 3536 1255 3616 Romanunm,

86 3653 252 3711 Baiterum
282 3667 383 3724 ponas
407 3653 516 3727 velim,
540 3655 573 3711 in
596 3655 656 3712 boo
680 3653 824 3711 Platonis
847 3667 941 3726 opere
965 3652 1139 3712 collocatas
1162 3669 1257 3714 ouras

86 3768 189 3825 denuo
224 3765 373 3824 Politiam
409 3780 522 3824 severo
553 3767 696 3824 examini
727 3766 866 3839 subioio;
898 3741 1020 3842 etenim
1050 3767 1120 3825 tam
1151 3766 1256 3825 latum

86 3879 247 3937 doetrinae
268 3893 419 3950 eampum
440 3877 584 3937 Platonis
603 3878 720 3950 dialogi
738 3877 830 3937 nobis
846 3879 1000 3952 praebent
1012 3879 1049 3936 ut
1062 3893 1136 3938 eum
1149 3881 1256 3938 totum

86 4007 273 4064 peragrasse
305 3991 384 4050 nulli
419 3992 599 4065 contigerit,
635 3992 691 4050 sed
725 3991 918 4063 particulam
954 3993 1084 4050 tanturn
1120 3991 1257 4064 singulis

86 4105 252 4177 explorare
284 4105 420 4181 licuerit,
453 4106 561 4177 itaque
593 4104 744 4176 quamvis
773 4103 930 4178 plurimos
961 4103 1085 4163 fruetus
1109 4104 1256 4180 legerint,

87 4219 196 4275 tamen
216 4232 345 4290 semper
363 4234 484 4277 novam
503 4217 687 4288 laetamque
708 4232 851 4275 messem
870 4216 1141 4288 subsequentibus
1154 4203 1271 4276 iuves?

86 4330 277 4401 tigatoribus
301 4329 497 4402 reliquerint.
523 4330 574 4389 Sic
598 4329 849 4403 Stephanianam
874 4329 1058 4403 editionem,
1083 4343 1164 4400 quae
1189 4329 1256 4388 Pla·

86 4443 184 4503 tonici
207 4445 318 4501 textus
342 4441 651 4514 fundamentaieoit
673 4456 711 4500 ac
733 4455 789 4512 per
813 4441 874 4499 duo
899 4440 964 4499 fere
988 4441 1118 4500 saecula
1142 4442 1181 4500 ab
1206 4444 1256 4501 ho·

88 4557 228 4615 minibus
248 4558 442 4634 tantumnon
463 4556 604 4628 perl'eota
623 4553 733 4612 habita
753 4553 967 4721 estssAStiana
980 4555 1143 4626 excipiens
1157 4569 1260 4626 paene

559 4616 788 4725 sadis
