<?xml version="1.0" encoding="UTF-8"?>
<!DOCTYPE html PUBLIC "-//W3C//DTD XHTML 1.0 Transitional//EN"
    "http://www.w3.org/TR/xhtml1/DTD/xhtml1-transitional.dtd">
<html xmlns="http://www.w3.org/1999/xhtml" xml:lang="en" lang="en">
 <head>
  <title>
</title>
<meta http-equiv="Content-Type" content="text/html;charset=utf-8" />
  <meta name='ocr-system' content='tesseract 3.04.00' />
  <meta name='ocr-capabilities' content='ocr_page ocr_carea ocr_par ocr_line ocrx_word'/>
</head>
<body>
  <div class='ocr_page' id='page_1' title='image "./notaecriticaead00hartgoog_0112.png"; bbox 0 0 3000 5018; ppageno 0'>
   <div class='ocr_carea' id='block_1_1' title="bbox 681 290 720 349">
    <p class='ocr_par' dir='ltr' id='par_1_1' title="bbox 681 290 720 349">
     <span class='ocr_line' id='line_1_1' title="bbox 681 290 720 349; baseline -0.026 0"><span class='ocrx_word' id='word_1_1' title='bbox 681 290 720 349; x_wconf 88' lang='grc'><strong>91</strong></span> 
     </span>
    </p>
   </div>
   <div class='ocr_carea' id='block_1_2' title="bbox 10 469 1290 3738">
    <p class='ocr_par' dir='ltr' id='par_1_2' title="bbox 60 469 1288 1350">
     <span class='ocr_line' id='line_1_2' title="bbox 70 469 1286 555; baseline 0.008 -26"><span class='ocrx_word' id='word_1_2' title='bbox 70 477 222 539; x_wconf 77' lang='lat' dir='ltr'><strong>paucis</strong></span> <span class='ocrx_word' id='word_1_3' title='bbox 253 475 342 537; x_wconf 81' lang='lat' dir='ltr'><strong>codd.</strong></span> <span class='ocrx_word' id='word_1_4' title='bbox 374 474 484 555; x_wconf 83' lang='grc' dir='ltr'><strong><em>χαίρων</em></strong></span> <span class='ocrx_word' id='word_1_5' title='bbox 517 473 589 547; x_wconf 82' lang='grc' dir='ltr'><strong><em>[καὶ]</em></strong></span> <span class='ocrx_word' id='word_1_6' title='bbox 623 474 853 553; x_wconf 80' lang='grc' dir='ltr'><strong><em>καταδεχόμενος</em></strong></span> <span class='ocrx_word' id='word_1_7' title='bbox 869 469 889 546; x_wconf 85' lang='lat'><strong>¹)</strong></span> <span class='ocrx_word' id='word_1_8' title='bbox 917 477 1094 540; x_wconf 87' lang='lat' dir='ltr'><strong>ediderunt.</strong></span> <span class='ocrx_word' id='word_1_9' title='bbox 1121 479 1286 554; x_wconf 81' lang='lat' dir='ltr'><strong>Gampbell</strong></span> 
     </span>
     <span class='ocr_line' id='line_1_3' title="bbox 68 581 1288 669; baseline 0.002 -20"><span class='ocrx_word' id='word_1_10' title='bbox 68 591 238 662; x_wconf 78' lang='lat' dir='ltr'><strong>Propter</strong></span> <span class='ocrx_word' id='word_1_11' title='bbox 262 588 449 650; x_wconf 79' lang='lat' dir='ltr'><strong>Aristotelis</strong></span> <span class='ocrx_word' id='word_1_12' title='bbox 471 589 554 661; x_wconf 71' lang='lat' dir='ltr'><strong>(leth.</strong></span> <span class='ocrx_word' id='word_1_13' title='bbox 579 589 703 649; x_wconf 82' lang='lat' dir='ltr'><strong>Nieem.</strong></span> <span class='ocrx_word' id='word_1_14' title='bbox 728 590 759 648; x_wconf 96' lang='lat' dir='ltr'><strong>II</strong></span> <span class='ocrx_word' id='word_1_15' title='bbox 784 591 814 665; x_wconf 87' lang='lat'><strong>3,</strong></span> <span class='ocrx_word' id='word_1_16' title='bbox 838 590 856 649; x_wconf 80' lang='grc'>2</span> <span class='ocrx_word' id='word_1_17' title='bbox 883 589 931 648; x_wconf 75' lang='lat' dir='ltr'><strong>tri</strong></span> <span class='ocrx_word' id='word_1_18' title='bbox 949 581 1045 668; x_wconf 75' lang='grc' dir='ltr'><strong><em>ἧχθαί</em></strong></span> <span class='ocrx_word' id='word_1_19' title='bbox 1065 612 1128 663; x_wconf 81' lang='grc' dir='ltr'><strong>πως</strong></span> <span class='ocrx_word' id='word_1_20' title='bbox 1151 589 1182 651; x_wconf 73' lang='grc' dir='ltr'><strong>ἐκ</strong></span> <span class='ocrx_word' id='word_1_21' title='bbox 1202 588 1288 669; x_wconf 81' lang='grc' dir='ltr'><strong><em>νέων,</em></strong></span> 
     </span>
     <span class='ocr_line' id='line_1_4' title="bbox 69 685 1287 780; baseline 0.002 -17"><span class='ocrx_word' id='word_1_22' title='bbox 69 685 128 763; x_wconf 71' lang='grc' dir='ltr'><strong>ὡς</strong></span> <span class='ocrx_word' id='word_1_23' title='bbox 175 698 195 762; x_wconf 79' lang='grc' dir='ltr'><strong><em>ὁ</em></strong></span> <span class='ocrx_word' id='word_1_24' title='bbox 218 700 346 761; x_wconf 68' lang='grc' dir='ltr'><strong><em>Πλάτων</em></strong></span> <span class='ocrx_word' id='word_1_25' title='bbox 369 700 473 778; x_wconf 80' lang='grc' dir='ltr'><strong><em>φησίν,</em></strong></span> <span class='ocrx_word' id='word_1_26' title='bbox 495 700 568 761; x_wconf 76' lang='grc' dir='ltr'><strong><em>ὥστε</em></strong></span> <span class='ocrx_word' id='word_1_27' title='bbox 590 700 701 780; x_wconf 82' lang='grc' dir='ltr'><strong><em>χαίρειν</em></strong></span> <span class='ocrx_word' id='word_1_28' title='bbox 725 723 753 760; x_wconf 79' lang='grc' dir='ltr'><strong><em>τε</em></strong></span> <span class='ocrx_word' id='word_1_29' title='bbox 777 699 827 761; x_wconf 85' lang='grc' dir='ltr'><strong><em>καὶ</em></strong></span> <span class='ocrx_word' id='word_1_30' title='bbox 851 705 1011 761; x_wconf 74' lang='grc' dir='ltr'><strong><em>λυπεῖσθαι</em></strong></span> <span class='ocrx_word' id='word_1_31' title='bbox 1035 696 1078 775; x_wconf 79' lang='grc' dir='ltr'><strong>οἷς</strong></span> <span class='ocrx_word' id='word_1_32' title='bbox 1103 703 1164 775; x_wconf 75' lang='lat' dir='ltr'><strong>tri)</strong></span> <span class='ocrx_word' id='word_1_33' title='bbox 1188 707 1287 766; x_wconf 77' lang='lat' dir='ltr'><strong>verba</strong></span> 
     </span>
     <span class='ocr_line' id='line_1_5' title="bbox 67 799 1287 894; baseline 0.007 -22"><span class='ocrx_word' id='word_1_34' title='bbox 67 799 334 877; x_wconf 82' lang='lat' dir='ltr'><strong>Vermehrenii</strong></span> <span class='ocrx_word' id='word_1_35' title='bbox 358 818 418 877; x_wconf 77' lang='lat' dir='ltr'><strong>cmn</strong></span> <span class='ocrx_word' id='word_1_36' title='bbox 434 815 632 891; x_wconf 82' lang='lat' dir='ltr'>probandam</span> <span class='ocrx_word' id='word_1_37' title='bbox 653 816 746 876; x_wconf 86' lang='lat' dir='ltr'><strong>duxit</strong></span> <span class='ocrx_word' id='word_1_38' title='bbox 767 816 901 876; x_wconf 86' lang='lat' dir='ltr'><strong>mirifice</strong></span> <span class='ocrx_word' id='word_1_39' title='bbox 922 818 1123 880; x_wconf 80' lang='lat' dir='ltr'><strong>caecutiens:</strong></span> <span class='ocrx_word' id='word_1_40' title='bbox 1144 821 1287 894; x_wconf 84' lang='lat' dir='ltr'>respexit</span> 
     </span>
     <span class='ocr_line' id='line_1_6' title="bbox 64 919 1286 1007; baseline 0.007 -22"><span class='ocrx_word' id='word_1_41' title='bbox 64 924 200 990; x_wconf 74' lang='lat' dir='ltr'><strong>enim</strong></span> <span class='ocrx_word' id='word_1_42' title='bbox 229 930 365 991; x_wconf 87' lang='lat' dir='ltr'><strong>Aristot.</strong></span> <span class='ocrx_word' id='word_1_43' title='bbox 396 944 461 991; x_wconf 92' lang='lat' dir='ltr'><strong>non</strong></span> <span class='ocrx_word' id='word_1_44' title='bbox 491 928 651 989; x_wconf 83' lang='lat' dir='ltr'><strong>insulsam</strong></span> <span class='ocrx_word' id='word_1_45' title='bbox 683 929 774 990; x_wconf 87' lang='lat' dir='ltr'><strong>illam</strong></span> <span class='ocrx_word' id='word_1_46' title='bbox 805 929 1075 1006; x_wconf 82' lang='lat' dir='ltr'><strong>emendationem,</strong></span> <span class='ocrx_word' id='word_1_47' title='bbox 1100 933 1157 992; x_wconf 90' lang='lat' dir='ltr'><strong>sed</strong></span> <span class='ocrx_word' id='word_1_48' title='bbox 1181 919 1286 1007; x_wconf 88' lang='lat' dir='ltr'><strong>ipsam</strong></span> 
     </span>
     <span class='ocr_line' id='line_1_7' title="bbox 65 1035 1287 1123; baseline 0.006 -26"><span class='ocrx_word' id='word_1_49' title='bbox 65 1035 279 1118; x_wconf 76' lang='lat' dir='ltr'><strong>vulgatam</strong></span> <span class='ocrx_word' id='word_1_50' title='bbox 310 1041 420 1123; x_wconf 85' lang='grc' dir='ltr'><strong><em>χαίρων</em></strong></span> <span class='ocrx_word' id='word_1_51' title='bbox 451 1039 665 1121; x_wconf 79' lang='grc' dir='ltr'><strong><em>καταδέχεσθαι</em></strong></span> <span class='ocrx_word' id='word_1_52' title='bbox 695 1042 736 1114; x_wconf 83' lang='grc' dir='ltr'><strong><em>εἰς</em></strong></span> <span class='ocrx_word' id='word_1_53' title='bbox 766 1041 820 1119; x_wconf 76' lang='grc' dir='ltr'><strong><em>τὴν</em></strong></span> <span class='ocrx_word' id='word_1_54' title='bbox 852 1041 954 1122; x_wconf 72' lang='grc' dir='ltr'><strong><em>ψυχὴν</em></strong></span> <span class='ocrx_word' id='word_1_55' title='bbox 982 1046 1016 1104; x_wconf 83' lang='lat' dir='ltr'><strong>et</strong></span> <span class='ocrx_word' id='word_1_56' title='bbox 1038 1049 1133 1120; x_wconf 83' lang='grc' dir='ltr'><em>μισεῖν</em></span> <span class='ocrx_word' id='word_1_57' title='bbox 1158 1042 1197 1103; x_wconf 65' lang='grc' dir='ltr'><strong>ἔτι</strong></span> <span class='ocrx_word' id='word_1_58' title='bbox 1220 1041 1287 1116; x_wconf 80' lang='grc' dir='ltr'><strong><em>νέος</em></strong></span> 
     </span>
     <span class='ocr_line' id='line_1_8' title="bbox 61 1135 1286 1240; baseline 0 -23"><span class='ocrx_word' id='word_1_59' title='bbox 61 1135 146 1207; x_wconf 69' lang='grc' dir='ltr'><strong>ὤν.</strong></span> <span class='ocrx_word' id='word_1_60' title='bbox 190 1157 409 1219; x_wconf 85' lang='lat' dir='ltr'><strong>Membrorum</strong></span> <span class='ocrx_word' id='word_1_61' title='bbox 432 1157 632 1218; x_wconf 79' lang='lat' dir='ltr'><strong>concinnitas</strong></span> <span class='ocrx_word' id='word_1_62' title='bbox 656 1157 791 1229; x_wconf 87' lang='lat' dir='ltr'><strong>requirit</strong></span> <span class='ocrx_word' id='word_1_63' title='bbox 813 1159 850 1217; x_wconf 92' lang='lat' dir='ltr'><strong>ut</strong></span> <span class='ocrx_word' id='word_1_64' title='bbox 872 1167 911 1240; x_wconf 74' lang='grc' dir='ltr'><strong>τῷ</strong></span> <span class='ocrx_word' id='word_1_65' title='bbox 936 1162 1031 1234; x_wconf 81' lang='grc' dir='ltr'><strong><em>μισεῖν</em></strong></span> <span class='ocrx_word' id='word_1_66' title='bbox 1053 1159 1232 1232; x_wconf 89' lang='lat' dir='ltr'><strong>opponatur</strong></span> <span class='ocrx_word' id='word_1_67' title='bbox 1254 1155 1286 1217; x_wconf 78' lang='lat' dir='ltr'><strong>rb</strong></span> 
     </span>
     <span class='ocr_line' id='line_1_9' title="bbox 60 1263 1286 1350; baseline 0.007 -24"><span class='ocrx_word' id='word_1_68' title='bbox 60 1263 220 1347; x_wconf 63' lang='lat' dir='ltr'><strong>livetque</strong></span> <span class='ocrx_word' id='word_1_69' title='bbox 231 1267 455 1350; x_wconf 72' lang='grc' dir='ltr'><strong><em>καταδέχεσθαι.</em></strong></span> <span class='ocrx_word' id='word_1_70' title='bbox 467 1270 667 1332; x_wconf 81' lang='lat' dir='ltr'><strong>Adverbium</strong></span> <span class='ocrx_word' id='word_1_71' title='bbox 681 1266 780 1348; x_wconf 79' lang='grc' dir='ltr'><strong><em>ὀρθῶς</em></strong></span> <span class='ocrx_word' id='word_1_72' title='bbox 792 1288 856 1331; x_wconf 87' lang='lat' dir='ltr'><strong>non</strong></span> <span class='ocrx_word' id='word_1_73' title='bbox 869 1273 909 1332; x_wconf 82' lang='lat' dir='ltr'><strong>ed</strong></span> <span class='ocrx_word' id='word_1_74' title='bbox 922 1271 1123 1350; x_wconf 83' lang='grc' dir='ltr'><strong><em>δυσχεραίνων</em></strong></span> <span class='ocrx_word' id='word_1_75' title='bbox 1135 1272 1286 1346; x_wconf 75' lang='lat' dir='ltr'><strong>pertinet.</strong></span> 
     </span>
    </p>

    <p class='ocr_par' dir='ltr' id='par_1_3' title="bbox 10 1379 1289 2146">
     <span class='ocr_line' id='line_1_10' title="bbox 10 1379 1286 1463; baseline 0.001 -17"><span class='ocrx_word' id='word_1_76' title='bbox 10 1391 28 1432; x_wconf 57' lang='lat' dir='ltr'><strong>i</strong></span> <span class='ocrx_word' id='word_1_77' title='bbox 141 1379 258 1446; x_wconf 84' lang='lat' dir='ltr'><strong>Recte</strong></span> <span class='ocrx_word' id='word_1_78' title='bbox 281 1384 348 1446; x_wconf 84' lang='lat' dir='ltr'><strong>iere</strong></span> <span class='ocrx_word' id='word_1_79' title='bbox 371 1399 485 1445; x_wconf 91' lang='lat' dir='ltr'><strong>omnes</strong></span> <span class='ocrx_word' id='word_1_80' title='bbox 509 1384 600 1444; x_wconf 90' lang='lat' dir='ltr'><strong>editt.</strong></span> <span class='ocrx_word' id='word_1_81' title='bbox 625 1401 651 1445; x_wconf 91' lang='lat' dir='ltr'><strong>c.</strong></span> <span class='ocrx_word' id='word_1_82' title='bbox 675 1385 808 1458; x_wconf 88' lang='lat' dir='ltr'><strong>optimis</strong></span> <span class='ocrx_word' id='word_1_83' title='bbox 832 1385 921 1445; x_wconf 89' lang='lat' dir='ltr'><strong>codd.</strong></span> <span class='ocrx_word' id='word_1_84' title='bbox 946 1382 995 1443; x_wconf 84' lang='grc' dir='ltr'><strong><em>καὶ</em></strong></span> <span class='ocrx_word' id='word_1_85' title='bbox 1018 1387 1092 1460; x_wconf 89' lang='lat' dir='ltr'><strong>post</strong></span> <span class='ocrx_word' id='word_1_86' title='bbox 1114 1382 1185 1463; x_wconf 79' lang='grc' dir='ltr'><strong><em>πρὶν</em></strong></span> <span class='ocrx_word' id='word_1_87' title='bbox 1209 1388 1286 1446; x_wconf 93' lang='lat' dir='ltr'><strong>omi-</strong></span> 
     </span>
     <span class='ocr_line' id='line_1_11' title="bbox 65 1489 1287 1573; baseline 0.002 -14"><span class='ocrx_word' id='word_1_88' title='bbox 65 1489 235 1573; x_wconf 61' lang='lat' dir='ltr'><strong>serunt,</strong></span> <span class='ocrx_word' id='word_1_89' title='bbox 270 1497 347 1572; x_wconf 85' lang='lat' dir='ltr'><strong>quia</strong></span> <span class='ocrx_word' id='word_1_90' title='bbox 380 1499 453 1572; x_wconf 86' lang='lat' dir='ltr'><strong>post</strong></span> <span class='ocrx_word' id='word_1_91' title='bbox 484 1498 582 1558; x_wconf 85' lang='lat' dir='ltr'><strong>verba</strong></span> <span class='ocrx_word' id='word_1_92' title='bbox 615 1495 656 1556; x_wconf 73' lang='lat' dir='ltr'><strong>in</strong></span> <span class='ocrx_word' id='word_1_93' title='bbox 688 1495 753 1569; x_wconf 83' lang='grc' dir='ltr'><strong><em>νέος</em></strong></span> <span class='ocrx_word' id='word_1_94' title='bbox 785 1495 827 1557; x_wconf 85' lang='grc' dir='ltr'><strong><em>όν</em></strong></span> <span class='ocrx_word' id='word_1_95' title='bbox 858 1498 953 1571; x_wconf 90' lang='lat' dir='ltr'><strong>plane</strong></span> <span class='ocrx_word' id='word_1_96' title='bbox 984 1499 1136 1559; x_wconf 90' lang='lat' dir='ltr'><strong>abundat.</strong></span> <span class='ocrx_word' id='word_1_97' title='bbox 1168 1500 1287 1561; x_wconf 86' lang='lat' dir='ltr'><strong>Deinde</strong></span> 
     </span>
     <span class='ocr_line' id='line_1_12' title="bbox 68 1599 1286 1688; baseline 0.004 -19"><span class='ocrx_word' id='word_1_98' title='bbox 68 1599 206 1673; x_wconf 65' lang='lat' dir='ltr'><strong>re(ide</strong></span> <span class='ocrx_word' id='word_1_99' title='bbox 238 1611 461 1686; x_wconf 72' lang='lat' dir='ltr'><strong>interpolatori</strong></span> <span class='ocrx_word' id='word_1_100' title='bbox 491 1612 590 1671; x_wconf 82' lang='lat' dir='ltr'><strong>verba</strong></span> <span class='ocrx_word' id='word_1_101' title='bbox 621 1607 636 1670; x_wconf 79' lang='grc' dir='ltr'><em>ὅ</em></span> <span class='ocrx_word' id='word_1_102' title='bbox 667 1610 744 1672; x_wconf 74' lang='lat' dir='ltr'><strong>bitror</strong></span> <span class='ocrx_word' id='word_1_103' title='bbox 776 1610 903 1688; x_wconf 80' lang='grc' dir='ltr'><strong><em>τραφείς.</em></strong></span> <span class='ocrx_word' id='word_1_104' title='bbox 933 1645 973 1654; x_wconf 95' lang='grc'>-</span> <span class='ocrx_word' id='word_1_105' title='bbox 998 1612 1036 1671; x_wconf 94' lang='lat' dir='ltr'><strong>In</strong></span> <span class='ocrx_word' id='word_1_106' title='bbox 1059 1612 1088 1671; x_wconf 86' lang='lat' dir='ltr'>A</span> <span class='ocrx_word' id='word_1_107' title='bbox 1111 1612 1170 1672; x_wconf 86' lang='lat' dir='ltr'><strong>ult.</strong></span> <span class='ocrx_word' id='word_1_108' title='bbox 1195 1613 1286 1674; x_wconf 82' lang='lat' dir='ltr'><strong>editt.</strong></span> 
     </span>
     <span class='ocr_line' id='line_1_13' title="bbox 76 1701 1288 1799; baseline 0 -15"><span class='ocrx_word' id='word_1_109' title='bbox 76 1701 185 1787; x_wconf 68' lang='lat' dir='ltr'><strong>inde</strong></span> <span class='ocrx_word' id='word_1_110' title='bbox 217 1726 257 1786; x_wconf 91' lang='lat' dir='ltr'><strong>ab</strong></span> <span class='ocrx_word' id='word_1_111' title='bbox 288 1725 475 1786; x_wconf 83' lang='lat' dir='ltr'><strong>Hermanno</strong></span> <span class='ocrx_word' id='word_1_112' title='bbox 501 1740 557 1799; x_wconf 93' lang='lat' dir='ltr'><strong>pro</strong></span> <span class='ocrx_word' id='word_1_113' title='bbox 581 1717 625 1796; x_wconf 80' lang='grc' dir='ltr'><strong>οἷς</strong></span> <span class='ocrx_word' id='word_1_114' title='bbox 649 1722 707 1783; x_wconf 72' lang='grc' dir='ltr'><strong><em>ἐστι</em></strong></span> <span class='ocrx_word' id='word_1_115' title='bbox 731 1725 788 1795; x_wconf 88' lang='lat' dir='ltr'><strong>(sic</strong></span> <span class='ocrx_word' id='word_1_116' title='bbox 812 1725 883 1784; x_wconf 80' lang='lat' dir='ltr'><strong>Par.</strong></span> <span class='ocrx_word' id='word_1_117' title='bbox 907 1725 945 1794; x_wconf 88' lang='lat' dir='ltr'><strong>A)</strong></span> <span class='ocrx_word' id='word_1_118' title='bbox 970 1726 1138 1786; x_wconf 91' lang='lat' dir='ltr'><strong>ediderunt</strong></span> <span class='ocrx_word' id='word_1_119' title='bbox 1161 1718 1205 1797; x_wconf 82' lang='grc' dir='ltr'><strong>οἷς</strong></span> <span class='ocrx_word' id='word_1_120' title='bbox 1229 1724 1288 1784; x_wconf 76' lang='grc' dir='ltr'><strong><em>ἔστι</em></strong></span> 
     </span>
     <span class='ocr_line' id='line_1_14' title="bbox 87 1830 1288 1919; baseline 0.006 -25"><span class='ocrx_word' id='word_1_121' title='bbox 87 1830 318 1915; x_wconf 68' lang='lat' dir='ltr'><strong>pamoiptum</strong></span> <span class='ocrx_word' id='word_1_122' title='bbox 338 1837 555 1919; x_wconf 78' lang='grc' dir='ltr'><strong><em>περιφερόμενα</em></strong></span> <span class='ocrx_word' id='word_1_123' title='bbox 575 1841 615 1900; x_wconf 89' lang='lat' dir='ltr'><strong>ad</strong></span> <span class='ocrx_word' id='word_1_124' title='bbox 635 1838 783 1899; x_wconf 79' lang='grc' dir='ltr'><strong><em>λανθάνοι</em></strong></span> <span class='ocrx_word' id='word_1_125' title='bbox 802 1839 990 1915; x_wconf 67' lang='lat' dir='ltr'><strong>referentes</strong></span> <span class='ocrx_word' id='word_1_126' title='bbox 1010 1854 1072 1912; x_wconf 92' lang='lat' dir='ltr'><strong>quo</strong></span> <span class='ocrx_word' id='word_1_127' title='bbox 1088 1838 1134 1899; x_wconf 94' lang='lat' dir='ltr'><strong>nil</strong></span> <span class='ocrx_word' id='word_1_128' title='bbox 1145 1840 1288 1914; x_wconf 89' lang='lat' dir='ltr'><strong>ineptius</strong></span> 
     </span>
     <span class='ocr_line' id='line_1_15' title="bbox 99 1949 1289 2033; baseline 0.003 -24"><span class='ocrx_word' id='word_1_129' title='bbox 99 1952 172 2016; x_wconf 57' lang='lat' dir='ltr'><strong>Qst.</strong></span> <span class='ocrx_word' id='word_1_130' title='bbox 198 1953 359 2031; x_wconf 75' lang='lat' dir='ltr'><strong>Quidnam</strong></span> <span class='ocrx_word' id='word_1_131' title='bbox 383 1953 481 2014; x_wconf 81' lang='lat' dir='ltr'><strong>verba</strong></span> <span class='ocrx_word' id='word_1_132' title='bbox 504 1952 550 2013; x_wconf 82' lang='grc' dir='ltr'><strong><em>ὅτε</em></strong></span> <span class='ocrx_word' id='word_1_133' title='bbox 574 1951 608 2012; x_wconf 79' lang='grc' dir='ltr'><strong>τὰ</strong></span> <span class='ocrx_word' id='word_1_134' title='bbox 632 1957 756 2031; x_wconf 80' lang='grc' dir='ltr'><strong><em>στοιχεῖα</em></strong></span> <span class='ocrx_word' id='word_1_135' title='bbox 780 1949 863 2032; x_wconf 77' lang='grc' dir='ltr'><strong><em>ὀλίγα</em></strong></span> <span class='ocrx_word' id='word_1_136' title='bbox 887 1949 958 2012; x_wconf 78' lang='grc' dir='ltr'><strong><em>ὄντα</em></strong></span> <span class='ocrx_word' id='word_1_137' title='bbox 977 1950 1018 2030; x_wconf 78' lang='grc' dir='ltr'><strong>μὴ</strong></span> <span class='ocrx_word' id='word_1_138' title='bbox 1038 1952 1187 2012; x_wconf 79' lang='grc' dir='ltr'><strong><em>λανθάνοι</em></strong></span> <span class='ocrx_word' id='word_1_139' title='bbox 1208 1974 1289 2033; x_wconf 81' lang='grc' dir='ltr'><strong><em>περι-</em></strong></span> 
     </span>
     <span class='ocr_line' id='line_1_16' title="bbox 110 2058 1287 2146; baseline 0.003 -22"><span class='ocrx_word' id='word_1_140' title='bbox 110 2066 262 2146; x_wconf 67' lang='grc' dir='ltr'><strong><em>φερόμενα</em></strong></span> <span class='ocrx_word' id='word_1_141' title='bbox 293 2063 326 2126; x_wconf 80' lang='grc' dir='ltr'><strong><em>ἐν</em></strong></span> <span class='ocrx_word' id='word_1_142' title='bbox 354 2065 465 2125; x_wconf 83' lang='grc' dir='ltr'><strong><em>όαασιν</em></strong></span> <span class='ocrx_word' id='word_1_143' title='bbox 489 2058 533 2137; x_wconf 80' lang='grc' dir='ltr'><strong>οἷς</strong></span> <span class='ocrx_word' id='word_1_144' title='bbox 558 2064 616 2126; x_wconf 73' lang='grc' dir='ltr'><strong><em>ἔστι</em></strong></span> <span class='ocrx_word' id='word_1_145' title='bbox 640 2067 822 2140; x_wconf 81' lang='lat' dir='ltr'><strong>significent</strong></span> <span class='ocrx_word' id='word_1_146' title='bbox 846 2068 1000 2141; x_wconf 86' lang='lat' dir='ltr'><strong>exputare</strong></span> <span class='ocrx_word' id='word_1_147' title='bbox 1023 2066 1166 2127; x_wconf 89' lang='lat' dir='ltr'><strong>nondum</strong></span> <span class='ocrx_word' id='word_1_148' title='bbox 1190 2068 1287 2142; x_wconf 88' lang='lat' dir='ltr'><strong>potui.</strong></span> 
     </span>
    </p>

    <p class='ocr_par' dir='ltr' id='par_1_4' title="bbox 114 2171 1289 2374">
     <span class='ocr_line' id='line_1_17' title="bbox 114 2171 1289 2259; baseline 0 -21"><span class='ocrx_word' id='word_1_149' title='bbox 114 2171 152 2239; x_wconf 82' lang='lat' dir='ltr'><strong>In</strong></span> <span class='ocrx_word' id='word_1_150' title='bbox 180 2195 324 2242; x_wconf 89' lang='lat' dir='ltr'><strong>errorem</strong></span> <span class='ocrx_word' id='word_1_151' title='bbox 355 2181 444 2242; x_wconf 91' lang='lat' dir='ltr'><strong>ducti</strong></span> <span class='ocrx_word' id='word_1_152' title='bbox 472 2182 550 2241; x_wconf 90' lang='lat' dir='ltr'><strong>sunt</strong></span> <span class='ocrx_word' id='word_1_153' title='bbox 576 2182 637 2241; x_wconf 90' lang='lat' dir='ltr'><strong>viri</strong></span> <span class='ocrx_word' id='word_1_154' title='bbox 660 2181 710 2242; x_wconf 90' lang='lat' dir='ltr'><strong>dd.</strong></span> <span class='ocrx_word' id='word_1_155' title='bbox 737 2181 844 2242; x_wconf 88' lang='lat' dir='ltr'><strong>verbis</strong></span> <span class='ocrx_word' id='word_1_156' title='bbox 868 2181 910 2251; x_wconf 87' lang='lat' dir='ltr'><strong>(in</strong></span> <span class='ocrx_word' id='word_1_157' title='bbox 934 2179 954 2256; x_wconf 65' lang='grc' dir='ltr'>ξ</span> <span class='ocrx_word' id='word_1_158' title='bbox 978 2179 1010 2252; x_wconf 82' lang='lat'><strong>0)</strong></span> <span class='ocrx_word' id='word_1_159' title='bbox 1033 2188 1185 2258; x_wconf 73' lang='grc' dir='ltr'><strong><em>πανταχοῦ</em></strong></span> <span class='ocrx_word' id='word_1_160' title='bbox 1208 2200 1289 2259; x_wconf 74' lang='grc' dir='ltr'><strong><em>περι-</em></strong></span> 
     </span>
     <span class='ocr_line' id='line_1_18' title="bbox 119 2290 1289 2374; baseline 0.002 -22"><span class='ocrx_word' id='word_1_161' title='bbox 119 2290 273 2372; x_wconf 79' lang='grc' dir='ltr'><strong><em>φερόμενα,</em></strong></span> <span class='ocrx_word' id='word_1_162' title='bbox 302 2309 385 2367; x_wconf 89' lang='lat' dir='ltr'><strong>quae</strong></span> <span class='ocrx_word' id='word_1_163' title='bbox 416 2310 514 2369; x_wconf 85' lang='lat' dir='ltr'><strong>prave</strong></span> <span class='ocrx_word' id='word_1_164' title='bbox 542 2310 562 2355; x_wconf 94' lang='lat' dir='ltr'><strong>a</strong></span> <span class='ocrx_word' id='word_1_165' title='bbox 585 2293 771 2374; x_wconf 80' lang='grc' dir='ltr'><strong><em>γνωρίζωμεν</em></strong></span> <span class='ocrx_word' id='word_1_166' title='bbox 794 2295 932 2369; x_wconf 88' lang='lat' dir='ltr'><strong>pendere</strong></span> <span class='ocrx_word' id='word_1_167' title='bbox 954 2296 1119 2370; x_wconf 90' lang='lat' dir='ltr'><strong>putarunt.</strong></span> <span class='ocrx_word' id='word_1_168' title='bbox 1144 2294 1289 2356; x_wconf 88' lang='lat' dir='ltr'><strong>Platonis</strong></span> 
     </span>
    </p>

    <p class='ocr_par' dir='ltr' id='par_1_5' title="bbox 10 2395 1289 2825">
     <span class='ocr_line' id='line_1_19' title="bbox 10 2395 1287 2486; baseline 0.002 -20"><span class='ocrx_word' id='word_1_169' title='bbox 10 2395 20 2446; x_wconf 71' lang='lat'><strong>&#39;³</strong></span> <span class='ocrx_word' id='word_1_170' title='bbox 116 2408 200 2467; x_wconf 89' lang='lat' dir='ltr'><strong>enim</strong></span> <span class='ocrx_word' id='word_1_171' title='bbox 231 2409 395 2469; x_wconf 89' lang='lat' dir='ltr'><strong>sententia</strong></span> <span class='ocrx_word' id='word_1_172' title='bbox 425 2410 505 2470; x_wconf 88' lang='lat' dir='ltr'><strong>haec</strong></span> <span class='ocrx_word' id='word_1_173' title='bbox 536 2411 603 2470; x_wconf 88' lang='lat' dir='ltr'><strong>est:</strong></span> <span class='ocrx_word' id='word_1_174' title='bbox 632 2412 669 2469; x_wconf 90' lang='lat' dir='ltr'><strong>ut</strong></span> <span class='ocrx_word' id='word_1_175' title='bbox 691 2410 873 2470; x_wconf 90' lang='lat' dir='ltr'><strong>litterarum</strong></span> <span class='ocrx_word' id='word_1_176' title='bbox 898 2425 1064 2486; x_wconf 89' lang='lat' dir='ltr'><strong>numerus,</strong></span> <span class='ocrx_word' id='word_1_177' title='bbox 1089 2423 1287 2483; x_wconf 88' lang='lat' dir='ltr'><strong>quamquam</strong></span> 
     </span>
     <span class='ocr_line' id='line_1_20' title="bbox 10 2516 1289 2598; baseline 0 -17"><span class='ocrx_word' id='word_1_178' title='bbox 10 2516 21 2555; x_wconf 54' lang='lat' dir='ltr'><strong>i</strong></span> <span class='ocrx_word' id='word_1_179' title='bbox 114 2536 154 2581; x_wconf 84' lang='lat' dir='ltr'><strong>ex</strong></span> <span class='ocrx_word' id='word_1_180' title='bbox 175 2521 218 2582; x_wconf 89' lang='lat' dir='ltr'><strong>iis</strong></span> <span class='ocrx_word' id='word_1_181' title='bbox 237 2521 347 2582; x_wconf 86' lang='lat' dir='ltr'><strong>omnia</strong></span> <span class='ocrx_word' id='word_1_182' title='bbox 367 2523 524 2583; x_wconf 86' lang='lat' dir='ltr'><strong>vocabula</strong></span> <span class='ocrx_word' id='word_1_183' title='bbox 544 2524 613 2584; x_wconf 85' lang='lat' dir='ltr'><strong>sive</strong></span> <span class='ocrx_word' id='word_1_184' title='bbox 633 2538 733 2597; x_wconf 89' lang='lat' dir='ltr'><strong>parva</strong></span> <span class='ocrx_word' id='word_1_185' title='bbox 752 2523 822 2584; x_wconf 89' lang='lat' dir='ltr'><strong>sive</strong></span> <span class='ocrx_word' id='word_1_186' title='bbox 843 2539 963 2597; x_wconf 82' lang='lat' dir='ltr'><strong>magna</strong></span> <span class='ocrx_word' id='word_1_187' title='bbox 979 2525 1138 2598; x_wconf 87' lang='lat' dir='ltr'><strong>constant,</strong></span> <span class='ocrx_word' id='word_1_188' title='bbox 1152 2523 1289 2595; x_wconf 83' lang='lat' dir='ltr'><strong>exiguus</strong></span> 
     </span>
     <span class='ocr_line' id='line_1_21' title="bbox 10 2621 1289 2711; baseline 0 -16"><span class='ocrx_word' id='word_1_189' title='bbox 10 2648 15 2662; x_wconf 93' lang='grc'><em>·</em></span> <span class='ocrx_word' id='word_1_190' title='bbox 111 2637 223 2695; x_wconf 87' lang='lat' dir='ltr'><strong>tamen</strong></span> <span class='ocrx_word' id='word_1_191' title='bbox 257 2636 318 2711; x_wconf 87' lang='lat' dir='ltr'><strong>est,</strong></span> <span class='ocrx_word' id='word_1_192' title='bbox 350 2634 397 2695; x_wconf 89' lang='lat' dir='ltr'><strong>sic</strong></span> <span class='ocrx_word' id='word_1_193' title='bbox 428 2638 461 2697; x_wconf 89' lang='lat' dir='ltr'><strong>et</strong></span> <span class='ocrx_word' id='word_1_194' title='bbox 484 2636 642 2697; x_wconf 86' lang='lat' dir='ltr'><strong>virtutum</strong></span> <span class='ocrx_word' id='word_1_195' title='bbox 667 2638 700 2697; x_wconf 88' lang='lat' dir='ltr'><strong>et</strong></span> <span class='ocrx_word' id='word_1_196' title='bbox 724 2621 876 2697; x_wconf 90' lang='lat' dir='ltr'><strong>vitiorum</strong></span> <span class='ocrx_word' id='word_1_197' title='bbox 901 2651 1022 2710; x_wconf 87' lang='lat' dir='ltr'><strong>paucae</strong></span> <span class='ocrx_word' id='word_1_198' title='bbox 1046 2636 1153 2695; x_wconf 88' lang='lat' dir='ltr'><strong>ubivis</strong></span> <span class='ocrx_word' id='word_1_199' title='bbox 1176 2635 1289 2695; x_wconf 90' lang='lat' dir='ltr'><strong>obviae</strong></span> 
     </span>
     <span class='ocr_line' id='line_1_22' title="bbox 111 2741 1289 2825; baseline 0 -17"><span class='ocrx_word' id='word_1_200' title='bbox 111 2748 237 2823; x_wconf 87' lang='lat' dir='ltr'><strong>species</strong></span> <span class='ocrx_word' id='word_1_201' title='bbox 261 2750 393 2808; x_wconf 86' lang='lat' dir='ltr'><strong>exstant</strong></span> <span class='ocrx_word' id='word_1_202' title='bbox 417 2754 508 2822; x_wconf 88' lang='lat' dir='ltr'><strong>(quas</strong></span> <span class='ocrx_word' id='word_1_203' title='bbox 529 2751 675 2823; x_wconf 83' lang='lat' dir='ltr'><strong>cognitas</strong></span> <span class='ocrx_word' id='word_1_204' title='bbox 693 2751 810 2810; x_wconf 87' lang='lat' dir='ltr'><strong>habere</strong></span> <span class='ocrx_word' id='word_1_205' title='bbox 832 2751 883 2810; x_wconf 88' lang='lat' dir='ltr'><strong>est</strong></span> <span class='ocrx_word' id='word_1_206' title='bbox 903 2747 1045 2825; x_wconf 82' lang='grc' dir='ltr'><strong><em>μουσικὸν</em></strong></span> <span class='ocrx_word' id='word_1_207' title='bbox 1066 2741 1162 2819; x_wconf 80' lang='grc' dir='ltr'><strong><em>εἶναι).</em></strong></span> <span class='ocrx_word' id='word_1_208' title='bbox 1175 2750 1289 2821; x_wconf 86' lang='lat' dir='ltr'><strong>Itaque</strong></span> 
     </span>
    </p>

    <p class='ocr_par' dir='ltr' id='par_1_6' title="bbox 10 2852 1290 3627">
     <span class='ocr_line' id='line_1_23' title="bbox 10 2852 1288 2941; baseline 0 -20"><span class='ocrx_word' id='word_1_209' title='bbox 10 2852 14 2881; x_wconf 81' lang='lat'><em>¹</em></span> <span class='ocrx_word' id='word_1_210' title='bbox 111 2863 211 2923; x_wconf 87' lang='lat' dir='ltr'><strong>verba</strong></span> <span class='ocrx_word' id='word_1_211' title='bbox 235 2858 318 2941; x_wconf 78' lang='grc' dir='ltr'><strong><em>ὀλίγα</em></strong></span> <span class='ocrx_word' id='word_1_212' title='bbox 342 2859 413 2923; x_wconf 82' lang='grc' dir='ltr'><strong><em>όνεα</em></strong></span> <span class='ocrx_word' id='word_1_213' title='bbox 436 2864 476 2924; x_wconf 88' lang='lat' dir='ltr'><strong>ad</strong></span> <span class='ocrx_word' id='word_1_214' title='bbox 500 2861 540 2941; x_wconf 81' lang='grc' dir='ltr'><strong>μὴ</strong></span> <span class='ocrx_word' id='word_1_215' title='bbox 564 2863 712 2922; x_wconf 79' lang='grc' dir='ltr'><strong><em>λανθάνοι</em></strong></span> <span class='ocrx_word' id='word_1_216' title='bbox 730 2863 898 2924; x_wconf 88' lang='lat' dir='ltr'><strong>referenda</strong></span> <span class='ocrx_word' id='word_1_217' title='bbox 918 2877 1033 2923; x_wconf 85' lang='lat' dir='ltr'><strong>censeo</strong></span> <span class='ocrx_word' id='word_1_218' title='bbox 1055 2864 1088 2924; x_wconf 90' lang='lat' dir='ltr'><strong>et</strong></span> <span class='ocrx_word' id='word_1_219' title='bbox 1107 2859 1165 2922; x_wconf 80' lang='grc' dir='ltr'><strong><em>ε’σει</em></strong></span> <span class='ocrx_word' id='word_1_220' title='bbox 1185 2862 1288 2931; x_wconf 88' lang='lat' dir='ltr'><strong>(encli-</strong></span> 
     </span>
     <span class='ocr_line' id='line_1_24' title="bbox 10 2950 1287 3050; baseline 0.001 -14"><span class='ocrx_word' id='word_1_221' title='bbox 10 2950 20 3019; x_wconf 61' lang='grc' dir='ltr'>ἶ</span> <span class='ocrx_word' id='word_1_222' title='bbox 111 2977 187 3047; x_wconf 88' lang='lat' dir='ltr'><strong>tice)</strong></span> <span class='ocrx_word' id='word_1_223' title='bbox 218 2975 434 3037; x_wconf 89' lang='lat' dir='ltr'><strong>scribendum.</strong></span> <span class='ocrx_word' id='word_1_224' title='bbox 467 2977 606 3037; x_wconf 85' lang='lat' dir='ltr'><strong>APlatt</strong></span> <span class='ocrx_word' id='word_1_225' title='bbox 629 2974 742 3047; x_wconf 79' lang='lat' dir='ltr'><strong>(Class.</strong></span> <span class='ocrx_word' id='word_1_226' title='bbox 768 2976 846 3037; x_wconf 89' lang='lat' dir='ltr'><strong>Rev.</strong></span> <span class='ocrx_word' id='word_1_227' title='bbox 874 2976 970 3048; x_wconf 83' lang='grc'>1889)</span> <span class='ocrx_word' id='word_1_228' title='bbox 994 2980 1069 3037; x_wconf 89' lang='lat' dir='ltr'><strong>ante</strong></span> <span class='ocrx_word' id='word_1_229' title='bbox 1093 2969 1136 3047; x_wconf 88' lang='grc' dir='ltr'><strong>οἷς</strong></span> <span class='ocrx_word' id='word_1_230' title='bbox 1160 2991 1287 3050; x_wconf 90' lang='lat' dir='ltr'><strong>praepo-</strong></span> 
     </span>
     <span class='ocr_line' id='line_1_25' title="bbox 10 3087 1289 3181; baseline -0.001 -31"><span class='ocrx_word' id='word_1_231' title='bbox 10 3172 12 3181; x_wconf 33' lang='grc' dir='ltr'>Ι</span> <span class='ocrx_word' id='word_1_232' title='bbox 112 3090 267 3151; x_wconf 88' lang='lat' dir='ltr'><strong>sitionem</strong></span> <span class='ocrx_word' id='word_1_233' title='bbox 291 3087 322 3149; x_wconf 79' lang='grc' dir='ltr'><strong><em>ἐν</em></strong></span> <span class='ocrx_word' id='word_1_234' title='bbox 347 3091 464 3152; x_wconf 86' lang='lat' dir='ltr'><strong>ultima</strong></span> <span class='ocrx_word' id='word_1_235' title='bbox 486 3092 575 3152; x_wconf 88' lang='lat' dir='ltr'><strong>vocis</strong></span> <span class='ocrx_word' id='word_1_236' title='bbox 599 3089 709 3149; x_wconf 76' lang='grc' dir='ltr'><strong><em>ἅπασιν</em></strong></span> <span class='ocrx_word' id='word_1_237' title='bbox 732 3090 859 3164; x_wconf 85' lang='lat' dir='ltr'><strong>syllaba</strong></span> <span class='ocrx_word' id='word_1_238' title='bbox 882 3092 1068 3164; x_wconf 88' lang='lat' dir='ltr'><strong>absorptam</strong></span> <span class='ocrx_word' id='word_1_239' title='bbox 1088 3094 1289 3151; x_wconf 88' lang='lat' dir='ltr'><strong>et-revocan·</strong></span> 
     </span>
     <span class='ocr_line' id='line_1_26' title="bbox 10 3192 1288 3277; baseline -0.001 -13"><span class='ocrx_word' id='word_1_240' title='bbox 10 3192 13 3223; x_wconf 81' lang='lat'><strong>²</strong></span> <span class='ocrx_word' id='word_1_241' title='bbox 112 3204 190 3264; x_wconf 91' lang='lat' dir='ltr'><strong>dam</strong></span> <span class='ocrx_word' id='word_1_242' title='bbox 210 3218 283 3264; x_wconf 83' lang='lat' dir='ltr'><strong>esse</strong></span> <span class='ocrx_word' id='word_1_243' title='bbox 299 3205 393 3265; x_wconf 88' lang='lat' dir='ltr'><strong>duxit</strong></span> <span class='ocrx_word' id='word_1_244' title='bbox 409 3207 531 3274; x_wconf 87' lang='lat' dir='ltr'><strong>(contra</strong></span> <span class='ocrx_word' id='word_1_245' title='bbox 543 3205 668 3266; x_wconf 89' lang='lat' dir='ltr'><strong>dicente</strong></span> <span class='ocrx_word' id='word_1_246' title='bbox 680 3205 708 3266; x_wconf 86' lang='lat' dir='ltr'><strong>J.</strong></span> <span class='ocrx_word' id='word_1_247' title='bbox 724 3204 808 3265; x_wconf 79' lang='lat' dir='ltr'><strong>Ooolr</strong></span> <span class='ocrx_word' id='word_1_248' title='bbox 821 3204 966 3265; x_wconf 90' lang='lat' dir='ltr'><strong>Wilsono</strong></span> <span class='ocrx_word' id='word_1_249' title='bbox 978 3205 1011 3263; x_wconf 90' lang='lat' dir='ltr'><strong>in</strong></span> <span class='ocrx_word' id='word_1_250' title='bbox 1024 3204 1189 3277; x_wconf 84' lang='lat' dir='ltr'><strong>Academy</strong></span> <span class='ocrx_word' id='word_1_251' title='bbox 1202 3202 1288 3276; x_wconf 79' lang='lat'><strong>877),</strong></span> 
     </span>
     <span class='ocr_line' id='line_1_27' title="bbox 10 3317 1290 3409; baseline -0.003 -30"><span class='ocrx_word' id='word_1_252' title='bbox 10 3400 13 3409; x_wconf 30' lang='grc' dir='ltr'>Ι</span> <span class='ocrx_word' id='word_1_253' title='bbox 111 3317 254 3379; x_wconf 81' lang='lat' dir='ltr'><strong>fortasse</strong></span> <span class='ocrx_word' id='word_1_254' title='bbox 277 3318 374 3393; x_wconf 89' lang='lat' dir='ltr'><strong>recte,</strong></span> <span class='ocrx_word' id='word_1_255' title='bbox 400 3333 474 3377; x_wconf 91' lang='lat' dir='ltr'><strong>cum</strong></span> <span class='ocrx_word' id='word_1_256' title='bbox 497 3319 690 3393; x_wconf 86' lang='lat' dir='ltr'><strong>praepositio</strong></span> <span class='ocrx_word' id='word_1_257' title='bbox 711 3320 786 3379; x_wconf 89' lang='lat' dir='ltr'><strong>ante</strong></span> <span class='ocrx_word' id='word_1_258' title='bbox 809 3333 897 3393; x_wconf 92' lang='lat' dir='ltr'><strong>pron.</strong></span> <span class='ocrx_word' id='word_1_259' title='bbox 923 3318 1059 3378; x_wconf 91' lang='lat' dir='ltr'><strong>relativa</strong></span> <span class='ocrx_word' id='word_1_260' title='bbox 1074 3331 1138 3377; x_wconf 93' lang='lat' dir='ltr'><strong>non</strong></span> <span class='ocrx_word' id='word_1_261' title='bbox 1162 3331 1290 3390; x_wconf 87' lang='lat' dir='ltr'><strong>semper</strong></span> 
     </span>
     <span class='ocr_line' id='line_1_28' title="bbox 10 3425 1290 3507; baseline -0.004 -15"><span class='ocrx_word' id='word_1_262' title='bbox 10 3430 17 3473; x_wconf 62' lang='grc' dir='ltr'>Γ</span> <span class='ocrx_word' id='word_1_263' title='bbox 112 3431 295 3507; x_wconf 90' lang='lat' dir='ltr'><strong>omittatur,</strong></span> <span class='ocrx_word' id='word_1_264' title='bbox 325 3430 388 3490; x_wconf 85' lang='lat' dir='ltr'><strong>vid.</strong></span> <span class='ocrx_word' id='word_1_265' title='bbox 413 3446 463 3491; x_wconf 87' lang='lat' dir='ltr'><strong>ex.</strong></span> <span class='ocrx_word' id='word_1_266' title='bbox 487 3446 534 3504; x_wconf 81' lang='lat' dir='ltr'><strong>gr.</strong></span> <span class='ocrx_word' id='word_1_267' title='bbox 559 3431 719 3491; x_wconf 89' lang='lat' dir='ltr'><strong>Phaedon.</strong></span> <span class='ocrx_word' id='word_1_268' title='bbox 746 3433 787 3492; x_wconf 83' lang='lat'><strong>76</strong></span> <span class='ocrx_word' id='word_1_269' title='bbox 811 3431 847 3506; x_wconf 90' lang='lat' dir='ltr'><strong>D,</strong></span> <span class='ocrx_word' id='word_1_270' title='bbox 872 3431 926 3491; x_wconf 95' lang='lat' dir='ltr'><strong>ubi</strong></span> <span class='ocrx_word' id='word_1_271' title='bbox 949 3430 1063 3504; x_wconf 91' lang='lat' dir='ltr'><strong>optimi</strong></span> <span class='ocrx_word' id='word_1_272' title='bbox 1087 3430 1174 3490; x_wconf 86' lang='lat' dir='ltr'><strong>codd.</strong></span> <span class='ocrx_word' id='word_1_273' title='bbox 1200 3425 1290 3487; x_wconf 77' lang='grc' dir='ltr'><strong><em>ἀνόλ-</em></strong></span> 
     </span>
     <span class='ocr_line' id='line_1_29' title="bbox 112 3537 1288 3627; baseline -0.002 -23"><span class='ocrx_word' id='word_1_274' title='bbox 112 3548 206 3622; x_wconf 79' lang='grc' dir='ltr'><strong><em>λαμεν</em></strong></span> <span class='ocrx_word' id='word_1_275' title='bbox 238 3540 269 3602; x_wconf 79' lang='grc' dir='ltr'><strong><em>ἐν</em></strong></span> <span class='ocrx_word' id='word_1_276' title='bbox 297 3537 375 3627; x_wconf 81' lang='grc' dir='ltr'><strong><em>ᾧπερ</em></strong></span> <span class='ocrx_word' id='word_1_277' title='bbox 398 3545 524 3615; x_wconf 90' lang='lat' dir='ltr'><strong>(deterr.</strong></span> <span class='ocrx_word' id='word_1_278' title='bbox 551 3541 582 3602; x_wconf 83' lang='grc' dir='ltr'><strong><em>ἐν</em></strong></span> <span class='ocrx_word' id='word_1_279' title='bbox 606 3543 842 3613; x_wconf 85' lang='lat' dir='ltr'><strong>omittentibus)</strong></span> <span class='ocrx_word' id='word_1_280' title='bbox 867 3544 1029 3603; x_wconf 86' lang='lat' dir='ltr'><strong>exhibent.</strong></span> <span class='ocrx_word' id='word_1_281' title='bbox 1053 3543 1098 3602; x_wconf 85' lang='lat' dir='ltr'><strong>At</strong></span> <span class='ocrx_word' id='word_1_282' title='bbox 1123 3543 1184 3603; x_wconf 88' lang='lat' dir='ltr'><strong>vid.</strong></span> <span class='ocrx_word' id='word_1_283' title='bbox 1210 3542 1288 3617; x_wconf 90' lang='lat' dir='ltr'><strong>Rep.</strong></span> 
     </span>
    </p>

    <p class='ocr_par' dir='ltr' id='par_1_7' title="bbox 114 3649 1289 3738">
     <span class='ocr_line' id='line_1_30' title="bbox 114 3655 1289 3738; baseline -0.004 -17"><span class='ocrx_word' id='word_1_284' title='bbox 114 3660 181 3721; x_wconf 74' lang='lat'><strong>520</strong></span> <span class='ocrx_word' id='word_1_285' title='bbox 214 3658 242 3718; x_wconf 91' lang='lat' dir='ltr'>D</span> <span class='ocrx_word' id='word_1_286' title='bbox 277 3655 308 3717; x_wconf 80' lang='grc' dir='ltr'><strong><em>ἐν</em></strong></span> <span class='ocrx_word' id='word_1_287' title='bbox 339 3655 422 3716; x_wconf 79' lang='grc' dir='ltr'><strong><em>πόλει</em></strong></span> <span class='ocrx_word' id='word_1_288' title='bbox 452 3659 471 3738; x_wconf 82' lang='grc' dir='ltr'><strong><em>χ</em></strong></span> <span class='ocrx_word' id='word_1_289' title='bbox 503 3659 552 3714; x_wconf 77' lang='grc' dir='ltr'><strong><em>καλ</em></strong></span> <span class='ocrx_word' id='word_1_290' title='bbox 584 3658 617 3717; x_wconf 92' lang='lat' dir='ltr'><strong>et</strong></span> <span class='ocrx_word' id='word_1_291' title='bbox 640 3657 803 3717; x_wconf 84' lang='lat' dir='ltr'><strong>Schaeferi</strong></span> <span class='ocrx_word' id='word_1_292' title='bbox 825 3657 937 3716; x_wconf 89' lang='lat' dir='ltr'><strong>notam</strong></span> <span class='ocrx_word' id='word_1_293' title='bbox 961 3656 1001 3715; x_wconf 92' lang='lat' dir='ltr'><strong>ad</strong></span> <span class='ocrx_word' id='word_1_294' title='bbox 1025 3656 1170 3730; x_wconf 80' lang='lat' dir='ltr'><strong>Sophocl.</strong></span> <span class='ocrx_word' id='word_1_295' title='bbox 1195 3655 1230 3715; x_wconf 88' lang='grc' dir='ltr'><strong>Ο.</strong></span> <span class='ocrx_word' id='word_1_296' title='bbox 1257 3655 1289 3716; x_wconf 83' lang='lat'><strong>0.</strong></span> 
     </span>
    </p>
   </div>
   <div class='ocr_carea' id='block_1_3' title="bbox 10 3754 1291 4415">
    <p class='ocr_par' dir='ltr' id='par_1_8' title="bbox 10 3754 1291 4415">
     <span class='ocr_line' id='line_1_31' title="bbox 10 3754 1291 3854; baseline -0.009 -18"><span class='ocrx_word' id='word_1_297' title='bbox 10 3754 13 3811; x_wconf 63' lang='lat' dir='ltr'><strong>l</strong></span> <span class='ocrx_word' id='word_1_298' title='bbox 52 3774 192 3848; x_wconf 77' lang='lat'><strong>13749·</strong></span> <span class='ocrx_word' id='word_1_299' title='bbox 225 3763 245 3854; x_wconf 80' lang='grc' dir='ltr'><strong>ΙΙ</strong></span> <span class='ocrx_word' id='word_1_300' title='bbox 277 3771 405 3847; x_wconf 77' lang='lat' dir='ltr'><strong>optime</strong></span> <span class='ocrx_word' id='word_1_301' title='bbox 436 3769 601 3829; x_wconf 78' lang='grc' dir='ltr'><strong><em>Ηεεαεεα.</em></strong></span> <span class='ocrx_word' id='word_1_302' title='bbox 634 3769 707 3839; x_wconf 79' lang='lat' dir='ltr'><strong>(un.</strong></span> <span class='ocrx_word' id='word_1_303' title='bbox 742 3768 837 3845; x_wconf 85' lang='lat'><strong>1883,</strong></span> <span class='ocrx_word' id='word_1_304' title='bbox 865 3768 960 3839; x_wconf 77' lang='lat' dir='ltr'><strong>iser)</strong></span> <span class='ocrx_word' id='word_1_305' title='bbox 984 3769 1082 3829; x_wconf 79' lang='lat' dir='ltr'><strong>verba</strong></span> <span class='ocrx_word' id='word_1_306' title='bbox 1105 3765 1144 3839; x_wconf 58' lang='lat' dir='ltr'><strong>eg</strong></span> <span class='ocrx_word' id='word_1_307' title='bbox 1169 3766 1204 3826; x_wconf 71' lang='lat' dir='ltr'><strong>oo</strong></span> <span class='ocrx_word' id='word_1_308' title='bbox 1229 3764 1291 3826; x_wconf 71' lang='lat' dir='ltr'><strong>aa.</strong></span> 
     </span>
     <span class='ocr_line' id='line_1_32' title="bbox 112 3881 1291 3957; baseline -0.005 -11.557"><span class='ocrx_word' id='word_1_309' title='bbox 112 3884 317 3946; x_wconf 77' lang='grc' dir='ltr'><strong><em>ααοαναοα</em></strong></span> <span class='ocrx_word' id='word_1_310' title='bbox 348 3884 451 3944; x_wconf 65' lang='grc' dir='ltr'><strong><em>εοεαε.</em></strong></span> <span class='ocrx_word' id='word_1_311' title='bbox 484 3882 561 3942; x_wconf 79' lang='lat' dir='ltr'><strong>urm</strong></span> <span class='ocrx_word' id='word_1_312' title='bbox 579 3897 655 3942; x_wconf 42' lang='lat' dir='ltr'><strong>wnon</strong></span> <span class='ocrx_word' id='word_1_313' title='bbox 686 3882 780 3943; x_wconf 77' lang='lat' dir='ltr'><strong>moro</strong></span> <span class='ocrx_word' id='word_1_314' title='bbox 812 3882 936 3957; x_wconf 80' lang='lat' dir='ltr'><strong>frigida,</strong></span> <span class='ocrx_word' id='word_1_315' title='bbox 969 3883 1025 3942; x_wconf 77' lang='lat' dir='ltr'><strong>ser</strong></span> <span class='ocrx_word' id='word_1_316' title='bbox 1049 3882 1148 3942; x_wconf 77' lang='lat' dir='ltr'><strong>eriam</strong></span> <span class='ocrx_word' id='word_1_317' title='bbox 1174 3881 1291 3940; x_wconf 74' lang='lat' dir='ltr'><strong>vitiosa</strong></span> 
     </span>
     <span class='ocr_line' id='line_1_33' title="bbox 10 3993 1291 4070; baseline -0.008 -9"><span class='ocrx_word' id='word_1_318' title='bbox 10 4032 13 4037; x_wconf 95' lang='lat'>·</span> <span class='ocrx_word' id='word_1_319' title='bbox 112 4000 279 4060; x_wconf 90' lang='lat' dir='ltr'><strong>videntur:</strong></span> <span class='ocrx_word' id='word_1_320' title='bbox 305 4012 422 4058; x_wconf 85' lang='lat' dir='ltr'><strong>sensus</strong></span> <span class='ocrx_word' id='word_1_321' title='bbox 446 3997 533 4058; x_wconf 93' lang='lat' dir='ltr'><strong>enim</strong></span> <span class='ocrx_word' id='word_1_322' title='bbox 556 3996 762 4069; x_wconf 81' lang='lat' dir='ltr'><strong>negationem</strong></span> <span class='ocrx_word' id='word_1_323' title='bbox 787 3994 823 4056; x_wconf 85' lang='grc' dir='ltr'><strong>οό</strong></span> <span class='ocrx_word' id='word_1_324' title='bbox 847 3996 982 4056; x_wconf 91' lang='lat' dir='ltr'><strong>minime</strong></span> <span class='ocrx_word' id='word_1_325' title='bbox 1005 3995 1143 4070; x_wconf 84' lang='lat' dir='ltr'><strong>pat‘tur;</strong></span> <span class='ocrx_word' id='word_1_326' title='bbox 1169 3993 1291 4053; x_wconf 89' lang='lat' dir='ltr'><strong>etenim</strong></span> 
     </span>
     <span class='ocr_line' id='line_1_34' title="bbox 111 4105 1289 4186; baseline -0.007 -13"><span class='ocrx_word' id='word_1_327' title='bbox 111 4112 142 4173; x_wconf 91' lang='lat' dir='ltr'><strong>si</strong></span> <span class='ocrx_word' id='word_1_328' title='bbox 173 4111 293 4184; x_wconf 89' lang='lat' dir='ltr'><strong>aliquid</strong></span> <span class='ocrx_word' id='word_1_329' title='bbox 324 4107 510 4186; x_wconf 83' lang='grc' dir='ltr'><strong><em>όειμόζομεν,</em></strong></span> <span class='ocrx_word' id='word_1_330' title='bbox 540 4110 571 4170; x_wconf 91' lang='lat' dir='ltr'><strong>id</strong></span> <span class='ocrx_word' id='word_1_331' title='bbox 603 4109 742 4170; x_wconf 82' lang='lat' dir='ltr'><strong>iacimus</strong></span> <span class='ocrx_word' id='word_1_332' title='bbox 773 4106 812 4181; x_wconf 80' lang='grc' dir='ltr'><strong>ὡς</strong></span> <span class='ocrx_word' id='word_1_333' title='bbox 836 4107 872 4169; x_wconf 80' lang='lat' dir='ltr'><strong>od</strong></span> <span class='ocrx_word' id='word_1_334' title='bbox 898 4105 966 4168; x_wconf 83' lang='grc' dir='ltr'><strong><em>όέον</em></strong></span> <span class='ocrx_word' id='word_1_335' title='bbox 990 4106 1082 4183; x_wconf 77' lang='lat' dir='ltr'><strong>aloe,</strong></span> <span class='ocrx_word' id='word_1_336' title='bbox 1105 4107 1155 4166; x_wconf 92' lang='lat' dir='ltr'><strong>sin</strong></span> <span class='ocrx_word' id='word_1_337' title='bbox 1179 4107 1289 4166; x_wconf 87' lang='lat' dir='ltr'><strong>autem</strong></span> 
     </span>
     <span class='ocr_line' id='line_1_35' title="bbox 112 4214 1290 4304; baseline -0.008 -19"><span class='ocrx_word' id='word_1_338' title='bbox 112 4224 235 4297; x_wconf 81' lang='lat' dir='ltr'><strong>aliquid</strong></span> <span class='ocrx_word' id='word_1_339' title='bbox 259 4222 314 4284; x_wconf 78' lang='grc' dir='ltr'><strong>οὐκ</strong></span> <span class='ocrx_word' id='word_1_340' title='bbox 338 4220 524 4304; x_wconf 83' lang='grc' dir='ltr'><strong><em>ἀτιμάζομεν,</em></strong></span> <span class='ocrx_word' id='word_1_341' title='bbox 546 4224 578 4283; x_wconf 88' lang='lat' dir='ltr'><strong>id</strong></span> <span class='ocrx_word' id='word_1_342' title='bbox 601 4223 739 4283; x_wconf 81' lang='lat' dir='ltr'><strong>fecimus</strong></span> <span class='ocrx_word' id='word_1_343' title='bbox 762 4219 802 4294; x_wconf 79' lang='grc' dir='ltr'><strong>ὡς</strong></span> <span class='ocrx_word' id='word_1_344' title='bbox 823 4219 892 4282; x_wconf 78' lang='grc' dir='ltr'><strong><em>δέον</em></strong></span> <span class='ocrx_word' id='word_1_345' title='bbox 911 4220 992 4280; x_wconf 79' lang='grc' dir='ltr'><strong><em>οἶσθ.</em></strong></span> <span class='ocrx_word' id='word_1_346' title='bbox 1014 4221 1083 4280; x_wconf 87' lang='lat' dir='ltr'><strong>sive</strong></span> <span class='ocrx_word' id='word_1_347' title='bbox 1103 4215 1142 4289; x_wconf 82' lang='grc' dir='ltr'><strong>ὡς</strong></span> <span class='ocrx_word' id='word_1_348' title='bbox 1165 4216 1201 4278; x_wconf 82' lang='grc' dir='ltr'><strong>οὐ</strong></span> <span class='ocrx_word' id='word_1_349' title='bbox 1223 4214 1290 4277; x_wconf 78' lang='grc' dir='ltr'><strong><em>δέον</em></strong></span> 
     </span>
     <span class='ocr_line' id='line_1_36' title="bbox 10 4328 1291 4415; baseline -0.005 -18"><span class='ocrx_word' id='word_1_350' title='bbox 10 4342 13 4347; x_wconf 86' lang='grc'><strong>“</strong></span> <span class='ocrx_word' id='word_1_351' title='bbox 79 4388 82 4392; x_wconf 93' lang='grc'><em>.</em></span> <span class='ocrx_word' id='word_1_352' title='bbox 112 4335 154 4415; x_wconf 74' lang='grc' dir='ltr'><strong>μὴ</strong></span> <span class='ocrx_word' id='word_1_353' title='bbox 190 4336 280 4396; x_wconf 79' lang='lat' dir='ltr'><strong>aloe..</strong></span> <span class='ocrx_word' id='word_1_354' title='bbox 316 4337 391 4398; x_wconf 84' lang='lat' dir='ltr'><strong>Sine</strong></span> <span class='ocrx_word' id='word_1_355' title='bbox 426 4352 526 4398; x_wconf 89' lang='lat' dir='ltr'><strong>causa</strong></span> <span class='ocrx_word' id='word_1_356' title='bbox 559 4336 715 4397; x_wconf 88' lang='lat' dir='ltr'><strong>Richards</strong></span> <span class='ocrx_word' id='word_1_357' title='bbox 750 4333 861 4405; x_wconf 83' lang='lat' dir='ltr'><strong>(Oiass.</strong></span> <span class='ocrx_word' id='word_1_358' title='bbox 893 4335 972 4396; x_wconf 88' lang='lat' dir='ltr'><strong>Rev.</strong></span> <span class='ocrx_word' id='word_1_359' title='bbox 1008 4334 1102 4404; x_wconf 86' lang='lat'><strong>1893)</strong></span> <span class='ocrx_word' id='word_1_360' title='bbox 1134 4348 1191 4407; x_wconf 90' lang='lat' dir='ltr'><strong>pro</strong></span> <span class='ocrx_word' id='word_1_361' title='bbox 1222 4328 1291 4392; x_wconf 80' lang='grc' dir='ltr'><strong><em>όέον</em></strong></span> 
     </span>
    </p>
   </div>
   <div class='ocr_carea' id='block_1_4' title="bbox 147 4577 1053 4647">
    <p class='ocr_par' dir='ltr' id='par_1_9' title="bbox 147 4577 1053 4647">
     <span class='ocr_line' id='line_1_37' title="bbox 147 4577 1053 4647; baseline -0.008 -16"><span class='ocrx_word' id='word_1_362' title='bbox 147 4578 168 4647; x_wconf 88' lang='lat'><strong>¹)</strong></span> <span class='ocrx_word' id='word_1_363' title='bbox 186 4583 245 4631; x_wconf 80' lang='lat' dir='ltr'><strong>Sine</strong></span> <span class='ocrx_word' id='word_1_364' title='bbox 263 4596 341 4631; x_wconf 80' lang='lat' dir='ltr'><strong>causa</strong></span> <span class='ocrx_word' id='word_1_365' title='bbox 359 4583 407 4631; x_wconf 80' lang='lat' dir='ltr'><strong>Ast</strong></span> <span class='ocrx_word' id='word_1_366' title='bbox 425 4595 472 4644; x_wconf 91' lang='lat' dir='ltr'><strong>pro</strong></span> <span class='ocrx_word' id='word_1_367' title='bbox 490 4581 675 4642; x_wconf 70' lang='grc' dir='ltr'><strong><em>καταδεχόμενος</em></strong></span> <span class='ocrx_word' id='word_1_368' title='bbox 692 4577 841 4639; x_wconf 72' lang='lat' dir='ltr'><strong>requirebat</strong></span> <span class='ocrx_word' id='word_1_369' title='bbox 857 4579 1053 4644; x_wconf 77' lang='grc' dir='ltr'><strong><em>παραδεχόμενος.</em></strong></span> 
     </span>
    </p>
   </div>
   <div class='ocr_carea' id='block_1_5' title="bbox 0 0 1509 5018">
    <p class='ocr_par' dir='ltr' id='par_1_10' title="bbox 0 0 1509 5018">
     <span class='ocr_line' id='line_1_38' title="bbox 0 0 1509 5018; baseline 0 0"><span class='ocrx_word' id='word_1_370' title='bbox 0 0 1509 5018; x_wconf 95' lang='lat' dir='ltr'><strong> </strong></span> 
     </span>
    </p>
   </div>
  </div>
 </body>
</html>
