3000 5018
788 305 831 362 42

222 483 289 563 [μετ’
316 486 473 566 melcol,
495 493 532 549 ut
554 491 587 550 in
608 489 628 565 ἕ
647 490 670 550 0
690 490 818 563 legitur.
838 491 875 550 In
896 491 959 550 352
981 490 1007 549 Β
1026 483 1081 566 μετ’
1097 486 1231 565 &litim
1243 489 1393 564 legimus,

220 600 253 659 in
286 603 349 662 352
383 602 406 664 0
437 619 512 662 cum
547 603 710 663 nonnullis
733 603 821 664 codd.
846 596 902 679 μετ’
929 599 1062 678 ἀλλήλων
1087 604 1195 684 [κοινῇ]
1220 602 1394 675 legendum

221 717 264 787 (in
294 715 418 788 aliquot
449 716 538 776 codd.
570 718 603 776 et
625 709 682 792 μετ’
708 713 842 792 άῖίήίαν
864 715 975 794 τινάξαι
995 723 1084 798 κοινῇ
1106 716 1288 790 inventum,
1311 730 1395 788 quae

221 829 455 903 discrepantiae
487 831 627 902 arguunt
656 838 743 912 κοινῇ
775 830 954 890 insiticium
977 831 1071 898 esse).
1095 828 1200 904 Quare
1223 828 1323 889 verba
1344 825 1395 887 ιιαί

220 941 377 1018 μσσήσσσσσ
400 943 535 1004 telonea
557 943 634 1019 εισι,
657 944 698 1003 σο
722 945 785 1003 aen
810 943 1013 1004 edicemus.
1035 975 1076 986 -
1098 944 1179 1001 Μσσ
1198 925 1239 1018 μὴ
1258 943 1311 1004 εει
1329 948 1396 1018 pov

219 1054 360 1125 κίνδυνος
383 1053 424 1131 μὴ
451 1053 560 1114 ἀπολεῖ
577 1060 636 1115 ιιτί.

74 1167 138 1226 352
165 1161 196 1229 Α
263 1167 368 1228 Verba
408 1164 458 1226 ταί
492 1165 689 1246 διαφέρεσθαι
722 1170 1058 1244 (interpretamentum
1093 1170 1182 1230 vocis
1216 1166 1395 1240 στασιάζειν)

220 1282 355 1342 delenda
377 1284 471 1356 sunt;
498 1283 599 1341 etiam
623 1283 687 1342 603
711 1283 737 1342 D
760 1283 804 1343 in.
826 1285 900 1357 post
923 1280 1070 1354 ἐστασίαζε
1094 1282 1186 1343 futile
1205 1283 1393 1357 interpreta-

219 1397 367 1455 mentum
402 1395 541 1471 irrepsit,
576 1410 652 1455 nam
686 1396 784 1455 verba
811 1392 862 1454 τιαί
893 1393 1028 1466 ἐναντίας
1059 1387 1215 1474 εἶχεν...
1245 1391 1314 1473 περὶ
1336 1403 1394 1454 τῶν

211 1505 317 1582 ,αὐτῶν
352 1509 460 1582 spuria
494 1511 580 1569 sunt.
613 1509 690 1568 Post
723 1508 895 1585 στασιάζειν,
925 1513 1035 1584 νοσεῖν,
1064 1507 1210 1586 μάχεσθαι
1234 1508 1394 1580 eiusmodi

218 1623 348 1681 tentum
379 1622 478 1682 verba
508 1623 584 1682 ferri
616 1624 763 1697 possunt,
794 1636 877 1694 quae
897 1624 929 1682 et
953 1622 1024 1696 ipsa
1048 1622 1226 1695 imaginem
1248 1621 1392 1694 aliquam

218 1734 404 1794 contineant
418 1727 459 1811 ’ῖς
486 1735 595 1795 confer
618 1737 684 1796 603
707 1735 733 1795 D
756 1733 902 1806 στασιάζει
923 1756 953 1793 τε
975 1732 1026 1794 uui
1048 1733 1168 1812 μάχεται
1192 1732 1282 1805 αὐτὸς
1304 1731 1397 1816 αὐτῷ,

220 1848 285 1908 556
315 1847 449 1906 Erotes*
466 1869 496 1906 τε
519 1844 570 1906 καὶ
593 1847 713 1926 μάχεται
735 1846 811 1924 αὐτὴ
834 1844 933 1931 taceri.
958 1848 1071 1909 Solum
1095 1847 1258 1918 στασιάζειν
1282 1849 1395 1908 nostro

219 1960 288 2020 loco
311 1959 441 2036 sufficit,
465 1962 503 2020 ut
524 1961 558 2020 in
579 1963 643 2021 556
662 1961 687 2020 Ε
707 1959 862 2032 (στασιάζει
881 1959 954 2020 αὐτὸ
973 1958 1090 2043 ἑαυτῷ).
1112 1961 1263 2021 Fortasse
1276 1960 1395 2034 aliquis

218 2089 272 2134 me
294 2074 530 2134 emblematum
549 2072 701 2152 θηρευτὴν
720 2075 910 2150 nominabit,
931 2077 965 2135 at
984 2075 1057 2135 vide
1076 2075 1147 2149 ipso
1167 2074 1303 2136 Platone
1314 2075 1394 2135 duce

218 2187 294 2260 quid
325 2188 530 2248 scribendum
558 2188 612 2260 sit,
636 2187 711 2260 quid
735 2203 808 2254 non,
833 2189 870 2248 In
895 2190 957 2249 351
983 2189 1009 2248 D
1033 2189 1174 2262 legimus
1196 2187 1310 2259 στάσεις
1332 2183 1394 2258 (ml

219 2298 322 2377 prim)
340 2297 391 2358 nul
409 2300 480 2377 μίση
499 2301 539 2360 ab
558 2301 719 2360 iniustitia
738 2301 907 2377 procreari,
927 2301 1014 2361 idem
1033 2301 1067 2361 in
1089 2303 1151 2362 351
1173 2303 1200 2361 D
1219 2302 1279 2362 ult.
1295 2304 1393 2378 μάσεῖν

218 2409 269 2472 uui
297 2412 468 2485 στασιάζειν.
499 2415 538 2474 In
569 2415 630 2475 351
654 2415 688 2474 Ἐ
718 2430 775 2489 pro
799 2413 963 2486 στασιάζειν
986 2416 1117 2489 scripsit
1139 2413 1312 2491 διοίσονται,
1334 2429 1393 2489 pro

55 2603 57 2608 .
219 2530 315 2601 μισεῖν
343 2528 458 2587 autem.
486 2523 588 2605 ἐχθροί
615 2525 740 2586 ἔσονται.
762 2527 879 2588 Νοῖῖοε
903 2528 1002 2601 igitur
1024 2528 1114 2588 locus
1138 2530 1190 2588 est
1213 2527 1321 2587 verbis
1342 2523 1395 2585 τιαί

97 2695 99 2700 .
219 2638 386 2716 μισήσουσι,
416 2655 498 2713 quae
529 2657 627 2716 supra
659 2642 794 2702 etextu
818 2642 906 2702 eieci.
931 2641 1013 2702 (ium
1038 2643 1169 2703 veroin
1194 2642 1257 2702 351
1282 2641 1309 2701 Β
1334 2641 1394 2702 ult

220 2751 382 2824 στασιάζειν
416 2754 522 2814 solum
555 2756 699 2829 posuerit
728 2756 815 2828 (quia
845 2753 1009 2826 στασιάζειν
1040 2757 1073 2815 et
1103 2751 1300 2832 tracteretur
1330 2769 1396 2816 non

219 2867 422 2943 discrepant),
451 2884 509 2928 cur
531 2869 563 2927 in
588 2870 652 2929 352
677 2870 704 2928 A
729 2869 825 2929 verbo
850 2867 1012 2940 στασιάζειν
1035 2870 1266 2943 isodynamum
1288 2864 1395 2945 διαφί-
1455 2878 1466 2887 ’

133 3036 135 3040 ,
218 2986 325 3058 ρεσθαι
348 2982 594 3041 subiunxisset?
617 2982 692 3041 Tria
716 2982 813 3041 verba
836 2997 918 3055 quae
939 2982 973 3041 in
993 2983 1055 3042 351
1077 2982 1104 3041 D
1123 2983 1274 3055 leguntur
1290 2985 1398 3059 μισεῖν,

218 3093 390 3171 στασιάζειν,
423 3091 591 3167 ἀδυνάτους
625 3094 772 3172 πράττειν,
807 3096 982 3156 iterantur·
1000 3096 1034 3155 in
1070 3097 1133 3155 352
1168 3096 1198 3154 Α
1233 3092 1396 3164 (ἀδύνατον

216 3206 362 3286 πράττειν,
396 3207 570 3284 στασιάζειν,
601 3205 711 3288 ἐχθρὸν
746 3200 822 3268 εἶναι
856 3210 876 3269 i.
909 3225 936 3269 θ.
968 3212 1085 3285 μισεῖν).
1120 3243 1159 3253 -
1192 3209 1267 3269 Mox
1298 3211 1398 3272 verba

216 3318 267 3381 καί
289 3331 336 3405 τῷ
367 3321 472 3406 δικαίῳ
496 3324 578 3399 dele,
602 3338 666 3382 non
690 3323 786 3383 modo
809 3323 885 3395 quia
908 3324 982 3396 post
1005 3317 1094 3380 σαντί
1117 3322 1197 3381 nihil
1220 3322 1397 3384 desiderari

216 3438 334 3512 potest,
367 3436 424 3496 sed
456 3436 532 3507 quia
562 3435 641 3495 illud
671 3433 744 3495 atri
769 3428 803 3518 (ᾧ
825 3430 863 3492 άν
886 3431 987 3493 άδιιιία
1010 3430 1172 3512 ἐγγίνηται)
1195 3434 1321 3496 factum
1346 3440 1398 3497 est

218 3548 333 3626 άιῖιαον,
362 3551 410 3610 lta
437 3550 476 3609 ut
505 3551 543 3610 ad
575 3546 669 3630 ἑαυτῷ
700 3547 908 3622 cogitandum
940 3547 984 3607 sit
1013 3544 1106 3631 ἀδίκῳ
1137 3543 1200 3606 ὄντι
1233 3549 1269 3608 et
1299 3549 1335 3609 in
1358 3558 1398 3632 τῷ

217 3661 341 3747 ἐναντίῳ
369 3661 458 3722 τταντί
491 3664 592 3722 etiam
623 3660 655 3721 τὸ
683 3660 800 3720 δίκαιον
824 3661 1037 3721 contineatur.
1062 3661 1099 3720 In
1124 3662 1187 3721 351
1212 3660 1237 3719 ll
1260 3658 1397 3738 άίίήίαις

216 3797 246 3836 τε
268 3772 318 3834 καί
340 3780 401 3847 τοῖς
424 3775 549 3845 δικαίοις
573 3775 709 3848 dixerat,
730 3789 816 3834 nunc
835 3773 911 3850 (352
932 3775 971 3843 Α)
992 3788 1033 3834 ne
1051 3775 1154 3834 oratio
1174 3774 1397 3836 uniformitate

217 3891 365 3964 peccaret
394 3904 451 3964 pro
481 3897 521 3969 up
552 3886 657 3970 δικαίῳ
690 3887 798 3960 posuit
829 3897 868 3969 ep
901 3885 1031 3970 ἐναντίῳ.
1056 3887 1245 3948 sexcenties
1268 3890 1344 3962 post
1365 3885 1397 3947 τί

217 3999 352 4061 ἐναντίον
384 4000 430 4077 (in
455 4001 607 4060 omnibus
630 3997 727 4076 cess.)
752 3999 873 4060 librarii
896 4003 1028 4061 textum
1052 4000 1299 4077 interpolarunt,
1323 4002 1397 4062 ride

219 4117 260 4177 ad
287 4117 350 4176 335
374 4115 410 4175 D.
431 4117 468 4174 In
493 4115 557 4174 339
583 4114 610 4172 Ι)
632 4115 705 4188 post
728 4109 779 4171 καὶ
800 4111 975 4173 τούναντίον
1001 4114 1099 4174 verba
1122 4111 1154 4172 τὸ
1178 4111 1218 4191 μὴ
1243 4111 1397 4194 ξυμφέρον

251 4341 270 4407 ¹)
294 4345 399 4403 Nequeo
422 4345 491 4391 enim
514 4345 625 4404 prebere
648 4345 767 4392 Sohsmii
784 4345 905 4405 (Speoim.
925 4342 1397 4408 eric.1⁸o⁷)verbe.srcooisaepe

218 4425 325 4471 verbum
343 4421 496 4472 censiacum
514 4428 542 4472 et
559 4426 694 4486 proprium
711 4425 894 4483 coniungunt?
912 4446 943 4460 -
958 4425 1042 4472 Verba
1058 4426 1086 4473 in
1102 4425 1117 4486 5
1134 4426 1181 4472 ult.
1199 4427 1238 4471 ιιαί
1255 4426 1301 4484 οὐχ
1316 4425 1397 4484 άμενο-

222 4509 293 4549 σῡιτα
317 4515 367 4549 non
391 4503 479 4564 spuria
502 4507 570 4561 sunt,
592 4504 653 4564 quio
676 4504 775 4552 Graece
792 4503 833 4550 bis
850 4502 919 4550 idem
936 4503 1022 4552 dicere
1041 4503 1110 4562 licet,
1126 4503 1203 4552 modo
1220 4502 1246 4549 id
1264 4502 1399 4563 quodiam

219 4582 317 4630 dictum
335 4585 375 4630 eet
391 4584 427 4630 its
444 4584 554 4632 iteretur
571 4585 601 4632 nt
618 4584 748 4632 indicetur
764 4590 815 4631 n'on
832 4594 863 4631 ea
883 4582 947 4641 lieri,
965 4595 1032 4643 qnae
1048 4582 1107 4631 fleri
1125 4584 1265 4644 oporteret.
1325 4611 1328 4617 ι
1390 4616 1403 4622 .,
