3000 5018
802 250 843 307 70

236 433 286 494 ταὶ
318 437 404 496 valet
439 437 602 512 „etiam”),
627 435 843 495 Herwerdeno
868 435 898 505 (l.
923 435 955 504 l.)
979 436 1090 495 autem
1113 437 1213 496 verba
1235 433 1284 495 καί
1304 436 1387 516 sprot.

235 521 421 629 γιγνομένοις
452 549 562 622 spuria
593 563 665 608 esse
698 549 769 608 visa
803 551 890 608 sunt.
926 550 993 608 Aut
1028 548 1161 622 vulgata
1195 548 1389 624 interpunctio

235 663 393 723 servanda
423 663 474 723 est
506 663 563 732 (ita
593 663 630 721 ut
664 661 718 722 ille
741 662 872 721 dativus
901 661 1008 722 valeat
1030 659 1104 740 τορὸς
1128 659 1205 721 αὐτὰ
1226 661 1389 740 πρεσβύτερα

234 797 300 853 puy„
329 776 422 848 quasi
452 790 516 836 non
546 773 620 852 πρὸς
650 771 686 832 τὰ
716 773 832 850 παιδία,
863 775 920 835 sed
951 778 1012 845 τοῖς
1043 774 1174 846 παιδίοις
1205 775 1339 836 dixisset
1350 769 1389 850 ¹))‚

234 890 318 960 quod
337 904 396 963 ego
415 890 544 964 propter
563 903 632 948 voc.
653 885 748 958 εὐθὺς
767 888 989 949 necessarium
1006 889 1087 949 duco
1099 890 1157 949 aut
1168 889 1232 948 tria
1243 888 1391 950 illaverba

234 1016 308 1061 cum
340 1002 554 1062 Herwerdeno
586 1003 808 1075 expungenda.
839 1001 953 1061 Omnis
977 1003 1247 1077 interpunctionis
1270 1001 1391 1063 mutatio

141 1182 145 1191 ‚
235 1108 445 1189 vituperanda
468 1117 528 1191 est,
553 1114 629 1187 quia
652 1114 700 1173 illi
724 1112 819 1174 sones
843 1116 877 1174 et
902 1115 1049 1175 aniculae
1073 1111 1209 1208 λέγουσιν
1232 1111 1252 1174 a
1276 1115 1306 1176 oi
1321 1137 1392 1191 τοτη-

232 1224 279 1287 ταὶ
308 1232 527 1308 λογοποιοῦσιν.
558 1228 687 1302 Optime
720 1228 831 1287 Stallb.
861 1229 969 1298 (1829)
994 1229 1032 1288 ci.
1057 1226 1143 1307 ἐγγύς
1172 1229 1270 1305 <τι>
1296 1229 1392 1289 τούτων

179 1340 210 1404 Ι)
234 1345 291 1399 κτλ.
316 1333 335 1423 Η
360 1342 405 1402 De
428 1341 536 1400 verbis
568 1338 694 1417 δεσμοὺς
728 1337 787 1398 tort
820 1336 888 1411 ὑέος
912 1341 975 1402 vid.
1000 1341 1086 1402 dicta
1109 1342 1149 1402 ad
1174 1343 1287 1404 airu.
1311 1341 1392 1403 Pauci

235 1455 323 1515 codd.
357 1452 428 1524 Διὸς
459 1469 514 1528 pro
541 1450 608 1525 ὑέος
633 1454 796 1529 exhibent,
820 1469 904 1526 quae
927 1454 963 1511 V.
987 1455 1022 1514 L.
1047 1455 1114 1514 iam
1138 1456 1320 1528 antiquitus
1341 1471 1392 1530 per·

235 1568 367 1641 vulgata
397 1569 476 1627 erat.
503 1566 633 1640 campo.
661 1567 828 1640 vulgatam
858 1563 945 1637 (ὑέος)
971 1582 1046 1627 rum
1069 1568 1163 1629 Astio
1186 1569 1338 1630 defendit.
1358 1569 1394 1628 De

233 1681 291 1741 illa
321 1680 430 1741 tabula
460 1680 535 1740 audi
568 1679 769 1740 Clementem
803 1696 852 1755 ap.
886 1657 1018 1741 Suidam
1050 1681 1083 1740 in
1115 1697 1193 1742 voce
1207 1677 1290 1762 Ἥρα
1318 1678 1394 1760 (ταρὰ

235 1793 379 1878 Πινδάρῳ
398 1791 454 1873 γὰρ
468 1827 510 1834 -
524 1811 568 1855 sc.
578 1789 659 1872 Ἥρα
673 1827 713 1837 -
727 1791 787 1852 ὑπὸ
794 1787 961 1869 Ἡφαίστου
975 1793 1143 1872 δεσμεύεται
1156 1793 1188 1855 ἐν
1199 1805 1239 1879 τῷ
1251 1790 1301 1855 ὑπ’
1315 1796 1394 1857 αὐτοῦ

235 1904 503 1967 κατασκευασθέντι
531 1905 642 1991 θρόνῳ.
661 1901 704 1965 Ἥ
723 1905 834 1984 ἱστορία
858 1904 908 1965 καὶ
929 1904 1012 1986 παρὰ
1030 1903 1201 1993 Ἐπιχάρμῳ
1224 1906 1257 1968 ἐν
1281 1913 1395 1987 Κωμασ-

234 2024 297 2091 ταῖς
327 2017 347 2098 ἢ
372 2014 547 2105 Ἡφαίστῳ),
580 2020 732 2080 Photium
764 2022 798 2081 et
828 2020 1024 2081 Pausaniam
1049 2021 1064 2080 I
1093 2023 1134 2082 20
1158 2018 1281 2103 (λέγεται
1304 2019 1336 2083 u
1355 2018 1396 2081 καλ

236 2132 304 2192 τάδε
335 2138 412 2206 κτλ).
437 2135 507 2193 vom
538 2137 562 2194 L
586 2132 711 2212 ἀμυνεῖν
734 2135 860 2195 Bekker
886 2137 1016 2212 recepit,
1042 2136 1128 2196 sicut
1151 2137 1257 2199 3740
1280 2136 1395 2218 ἀπεργά-

237 2251 343 2306 σεσθαι
373 2250 593 2323 patrocinatus
625 2249 705 2308 erat.
738 2248 816 2309 Post
847 2245 959 2326 μέλλειν
986 2250 1025 2320 (si
1050 2250 1174 2326 „velle”
1198 2253 1298 2324 valet)
1321 2267 1395 2329 prae·

238 2377 314 2421 sens
345 2364 379 2421 et
408 2361 555 2421 futurum
578 2363 760 2436 promiscue
786 2365 991 2438 usurpantur.
1015 2365 1175 2425 Eusebius
1198 2363 1215 2426 ί
1238 2388 1264 2425 τι
1288 2366 1329 2445 μὴ
1350 2382 1398 2443 pro

184 2474 210 2539 Ε
235 2466 251 2532 ὃ
282 2471 322 2551 μὴ
353 2475 494 2549 praebet.
520 2467 538 2558 ΙΙ
563 2476 726 2536 Venatum
757 2478 791 2534 Π
815 2474 891 2536 αὐτὰ
915 2475 985 2537 ἅττα
1009 2481 1076 2554 (pro
1099 2486 1191 2538 ταῦτα
1215 2479 1296 2553 ἅττα)
1322 2481 1396 2542 exhi·

235 2587 367 2648 bentem
399 2589 502 2649 secuti
530 2590 606 2648 sunt
630 2589 730 2650 Bcklr.
755 2592 788 2650 et
810 2591 934 2667 Astius‚
958 2593 1043 2664 quod
1066 2593 1153 2653 recte
1177 2594 1293 2667 reliqui
1318 2595 1397 2657 editt

235 2702 466 2776 improbarunt.

88 2817 152 2876 379
180 2812 210 2879 A
278 2814 384 2876 Verba
406 2813 458 2874 ἐάν
481 2837 510 2875 τε
534 2814 565 2875 ἐν
589 2813 703 2894 μέλεσιν
727 2833 802 2878 oum
827 2818 915 2877 Par.⁰
941 2819 969 2877 A
990 2820 1170 2881 omiserunt
1189 2821 1302 2884 Herm.
1325 2823 1398 2908 Bait.

234 2929 427 2990 Schmelzer.
463 2930 597 2991 Videtur
632 2933 743 2991 autem
774 2932 925 2992 librarius
955 2933 1093 2994 Parisini
1120 2935 1187 2995 rod.
1211 2935 1400 3010 negligentia

195 3024 197 3028 Α
233 3057 272 3102 ea
299 3044 396 3104 verba
419 3045 580 3122 omisisse,
605 3045 690 3106 siout
712 3046 806 3119 paulo
830 3048 904 3121 post
928 3044 978 3125 (B)
1002 3038 1043 3106 ΑῙ
1069 3047 1254 3126 omisitph
1278 3048 1400 3128 βλάπτει,

231 3154 325 3216 κακόν
347 3179 373 3215 τι
396 3162 490 3231 ποιεῖ;
516 3153 595 3218 Οὐδὲ
617 3165 712 3217 τοῦτο.
726 3152 765 3218 Ὃ
789 3155 821 3217 δέ
843 3181 875 3238 γε
900 3155 1027 3237 (μηδὲν
1046 3159 1139 3221 κακὸν
1158 3159 1231 3240 κτλ).
1250 3163 1400 3237 Exempla

232 3287 274 3332 ex
304 3272 446 3332 Homero
477 3273 579 3346 petita
610 3269 691 3350 (ἔτη)
719 3273 833 3333 statim
858 3274 989 3346 quidem
1012 3276 1133 3350 exeipit
1155 3279 1343 3352 exemplum
1366 3290 1401 3336 ex

233 3387 393 3459 Aeschylo
425 3382 608 3470 (τραγῳδία),
641 3388 697 3447 sed
729 3387 762 3446 in
787 3387 849 3446 381
875 3388 900 3447 Ι)
924 3390 1052 3462 praeter
1075 3389 1255 3449 Homerum
1281 3388 1400 3468 (odyss.

236 3502 285 3560 17.
319 3497 396 3576 485)
429 3502 462 3560 et
492 3487 632 3573 tragicos
664 3500 765 3561 etiam
796 3499 851 3559 alii
874 3502 988 3574 poetae
1012 3503 1254 3562 memorantur:
1279 3497 1350 3580 μηδ’
1376 3498 1430 3589 ἐνΙ

232 3617 292 3683 τοῖς
323 3609 422 3682 ἄλλοις
451 3612 622 3690 ποιήμασιν.
652 3613 868 3687 campbelllus
892 3589 991 3687 igitur
1014 3617 1101 3674 recte
1125 3629 1164 3674 ea
1191 3615 1290 3676 rerba
1315 3614 1401 3694 (quae

233 3727 266 3784 et
306 3706 465 3786 Eusebius
506 3726 614 3804 hahet)
657 3729 768 3788 servat
806 3728 982 3788 arbitratus
1015 3728 1083 3787 iam
1117 3727 1169 3789 hic
1204 3727 1268 3788 tria
1303 3727 1401 3804 poesis

231 3854 358 3916 genera,
383 3840 422 3900 de
444 3840 561 3912 quibus
580 3841 613 3900 in
633 3842 696 3900 ΠΙΟ
714 3841 794 3901 libro
815 3838 856 3919 (p.
878 3838 1022 3915 aua-4)
1035 3841 1141 3900 fusius
1152 3841 1270 3918 agitur,
1284 3840 1400 3918 respici.

178 3959 208 4024 Β
231 3954 331 4014 Paulo
361 3955 437 4014 ante
468 3955 590 4028 corrige
609 3952 687 4032 ττερλ
716 3955 875 4034 θεολογίαν
899 3957 970 4016 οολλ.
997 3957 1060 4016 380
1086 3957 1118 4017 (λ.
1144 3948 1164 4039 ΙΙ
1188 3958 1224 4016 ln
1248 3972 1315 4030 mg.
1340 3956 1398 4018 coll.

231 4067 451 4127 Malatestiani
481 4068 542 4127 hoc
574 4067 717 4128 scholion
748 4069 882 4142 legitur:
913 4077 1028 4148 πρῶτος
1056 4069 1148 4141 τύπος
1175 4069 1343 4149 θεολογίας,
1364 4067 1399 4128 ὅτι

264 4384 282 4444 ¹]
306 4388 401 4434 similis
426 4390 645 4436 constructionum
671 4390 781 4437 mixtura
804 4392 916 4438 occurrit
938 4391 1050 4451 Sophist.
1075 4392 1161 4438 alsa
1182 4395 1272 4452 σώματι
1290 4394 1331 4451 μιν
1348 4394 1394 4450 ipio

227 4465 359 4525 γινέσιι,
377 4466 404 4513 δι’
425 4469 558 4526 αἰσθήσεως
575 4477 696 4523 κοινωνεῖν,
715 4470 754 4517 διὰ
771 4475 884 4528 λογισμοῦ
902 4470 928 4516 rii
944 4475 1014 4532 ψυχῇ
1036 4469 1112 4534 πρὸς
1128 4469 1169 4529 τὴν
1187 4469 1258 4526 ὄντας
1274 4474 1358 4544 οὐσίαι,
1374 4465 1410 4512 ti·

227 4546 314 4604 Symp·
331 4546 408 4593 iouh
426 4547 465 4594 διὰ
482 4549 566 4594 τούτου
583 4554 649 4594 πᾶσα
666 4554 712 4595 κτλ.
