3000 5018
799 286 840 347 58

236 487 292 546 pro
324 469 367 530 ὅτι
398 463 420 531 ὧ
451 471 609 547 θαυμάσιε.
637 474 686 533 Ad
711 472 866 550 ὥρμησε..
881 472 992 532 ,εἰπεῖν
1014 473 1146 549 Gampb.
1171 475 1318 549 apposite
1341 490 1407 536 con·

235 585 309 645 tulit
333 585 450 645 Herod.
476 588 505 647 6.
532 587 571 645 81
596 593 648 645 τοῦ
674 581 706 644 δέ
728 583 813 645 ἕνεκα
834 582 849 645 δ
869 585 955 665 λόγος
976 584 1035 662 ide,
1054 576 1077 645 ὦ
1097 589 1264 663 Ἀθηναῖοι,
1283 583 1409 665 ὡρμήθη

184 696 371 776 Ελέγεσθαι
405 696 434 769 ἐς
469 696 570 775 ύμέας,
603 698 756 778 εἰρήσεται.
791 693 811 783 Ι)
847 701 925 760 Post
957 697 1137 776 λελειμμένοι
1169 700 1282 762 Stallb.
1315 716 1411 777 prave

236 827 365 872 comma
385 812 504 873 omisit.
526 812 612 890 Malo·
630 828 656 873 c.
677 814 866 874 Richardsio
888 811 1002 891 (class.
1024 814 1103 873 Ber.
1120 811 1309 891 leostanus
1326 813 1412 888 δόξας

235 939 341 999 praep.
374 921 423 983 διὰ
452 925 594 986 inserere
614 941 712 999 quam
738 928 779 986 ad
803 925 890 998 δόξας
915 928 1025 986 mente
1049 926 1198 1000 supplere
1222 923 1357 988 ἐπαινῶν
1381 930 1414 988 31

234 1034 344 1115 ψέγων.
368 1038 406 1097 In
430 1040 493 1099 367
518 1039 545 1098 D
568 1055 694 1112 quoque
718 1036 771 1117 (ὡς
795 1037 850 1118 ἐγὼ
874 1049 933 1098 τῶν
953 1035 1006 1115 μὲν
1026 1036 1122 1098 άλλων
1141 1037 1204 1116 κτλ)
1224 1040 1299 1115 post
1320 1039 1414 1112 οὕτως

234 1151 401 1226 participia
433 1148 687 1230 (ἐγκωμιαζόντων
718 1151 767 1212 καὶ
797 1150 1026 1231 λοιδορούντων)
1058 1167 1123 1212 11011
1149 1155 1278 1232 desunt,
1303 1169 1413 1229 quam·

234 1282 333 1340 quam
368 1265 461 1338 οὕτως
496 1265 698 1327 ἐπαινούντων
733 1270 800 1329 13111
831 1268 992 1343 significat
1024 1266 1112 1340 δόξας
1140 1289 1170 1328 τε
1200 1265 1252 1327 καὶ
1282 1265 1415 1344 μισθούς

233 1377 300 1458 περὶ
331 1378 429 1439 αὐτῶν
462 1377 673 1440 ἐπαινούντων.
698 1383 758 1442 Pro
782 1376 828 1441 ἀπ’
856 1381 954 1441 αὐτῶν
979 1381 1093 1442 malim
1118 1374 1164 1440 άιιῖ
1191 1377 1306 1440 αύτοῖν.
1330 1380 1415 1440 Invi·

233 1493 320 1553 1113111
348 1494 518 1554 verborum
542 1491 592 1552 καλ
615 1493 770 1554 λανθάνον
793 1494 886 1565 θεούς
909 1515 938 1553 τε
963 1492 1014 1553 καλ
1036 1492 1220 1573 ἀνθρώπους
1241 1495 1317 1568 jure
1340 1493 1414 1553 Adi·

234 1608 367 1666 1113111113
394 1607 478 1668 infra
509 1609 627 1668 minuit
649 1609 781 1669 dicendo
805 1606 857 1667 ἐάν
880 1629 909 1667 τε
931 1608 1070 1692 λανθάνῃ
1095 1607 1162 1668 ἐάν
1185 1629 1221 1668 τε
1244 1605 1294 1685 μὴ
1319 1607 1416 1678 θεούς

234 1740 263 1778 τε
286 1717 336 1778 καὶ
359 1717 550 1798 ἀνθρώπους.

88 1836 152 1896 367
181 1830 212 1897 A
279 1833 394 1893 Veneti
426 1835 459 1891 11
486 1834 658 1895 lectionem
690 1831 809 1906 ἕκαστος
841 1832 1416 1914 <ἀρισιος>τ3313Β3111.31Α31

234 1949 432 2021 receperunt.
458 1949 495 2008 in
519 1949 589 2008 Par.
611 1949 640 2007 A
660 1951 788 2023 propter
811 1949 1093 2010 homoeoteleuton
1113 1944 1229 2026 ἀριστος
1249 1947 1415 2007 excidisse

235 2061 370 2121 videtur.
395 2061 469 2121 Mox
492 2064 579 2122 recte
603 2061 734 2135 Gampb.
756 2065 788 2122 et
808 2062 917 2122 Baiter
937 2061 977 2133 ἀς
996 2056 1020 2141 χ’
1042 2059 1106 2138 ἐμοὶ
1126 2061 1211 2121 δοκεῖ
1225 2062 1414 2135 servarunt,

181 2165 211 2230 B
236 2173 298 2253 1111.
331 2173 371 2233 ad
402 2175 465 2234 352
498 2175 533 2241 D,
560 2166 579 2256 Ι)
604 2174 732 2248 Corrige
763 2173 799 2234 ού
831 2173 863 2234 τὸ
891 2175 989 2234 δοκεῖν
1018 2167 1164 2246 <ελναι>
1190 2171 1330 2249 φήσομεν
1353 2176 1416 2250 κτλ,

234 2287 318 2360 quod
349 2287 389 2346 ad
419 2302 559 2360 sequens
591 2286 689 2346 δοκεῖν
722 2289 856 2348 verbum
887 2280 962 2346 ελναι
994 2289 1136 2362 suppleri
1165 2287 1323 2363 nequibit,
1347 2287 1414 2346 nisi

233 2400 456 2475 praecesserit,
488 2415 586 2472 quam
610 2401 821 2461 omissionem
845 2402 911 2461 iam
936 2401 1047 2462 Stallb.
1072 2397 1185 2479 (1829)
1209 2414 1307 2473 aegre
1329 2399 1412 2461 tulo

188 2505 294 2574 Orat.
319 2505 433 2596 111111
466 2515 490 2572 L
517 2511 549 2572 ιὸ
573 2509 605 2572 δὲ
628 2510 732 2572 ἀδικον
757 2512 836 2596 αὑπῷ
861 2511 929 2591 (pro
953 2511 1045 2597 αὐτῷ)
1070 2517 1156 2574 recte
1176 2513 1270 2573 Schn.
1296 2513 1412 2574 Herm.

234 2626 343 2687 Heller
367 2627 452 2704 (Cur.
478 2626 553 2687 Orit.
575 2642 605 2701 p.
632 2625 685 2704 22)
710 2628 792 2688 Bait.
817 2627 948 2701 Gampb.
970 2629 1154 2702 probarunt.
1175 2627 1258 2686 Illud
1278 2623 1317 2703 δὴ
1336 2629 1414 2702 post

233 2738 379 2819 ύχιαίνειν
413 2756 477 2801 non
512 2741 597 2801 male
628 2741 762 2801 Schanz.
797 2738 889 2818 (Nov.
922 2740 1046 2815 domm,
1079 2736 1204 2800 Platon.
1232 2737 1330 2817 1871)
1356 2755 1414 2816 per

183 2849 213 2913 Ι)
240 2855 416 2928 „denique”
440 2857 539 2916 vertit
562 2857 729 2916 conferens
753 2857 876 2917 Menon.
900 2873 931 2931 p.
952 2857 993 2916 87
1015 2857 1049 2917 E.
1076 2847 1096 2940 ΙΙ
1115 2856 1221 2916 Verba
1240 2852 1291 2915 καὶ
1310 2852 1413 2915 ἀδικία

233 2967 353 3046 βλάπτει
377 2969 511 3029 delenda
531 2972 618 3044 sunt,
639 2971 714 3042 quia
733 2985 774 3029 ex
794 2967 949 3029 ἐπαίνεσον
969 2970 1058 3030 nullo
1078 2970 1173 3031 modo
1193 2985 1250 3044 per
1259 2984 1410 3045 zeugma,

233 3085 270 3142 ut
292 3083 499 3156 grammatici
522 3083 643 3159 dicunt,
667 3079 739 3160 ψέγε
764 3080 803 3160 (s.
828 3080 933 3159 ψίξον)
957 3083 1085 3143 extrahi
1105 3085 1222 3158 potest.
1244 3081 1341 3142 scioli
1360 3084 1412 3142 331

232 3197 408 3257 annotatio.
434 3196 459 3255 Ε
482 3196 645 3256 nonnullis
670 3197 771 3256 codd.
785 3196 968 3270 Stephanus
992 3196 1091 3256 edidit
1115 3194 1282 3273 (probante
1304 3192 1410 3271 Aetio)

232 3307 282 3368 καλ
312 3307 431 3369 ἀδικίαν
463 3307 480 3368 δ’
510 3308 640 3386 βλάπτει,
670 3311 754 3382 quod
786 3309 905 3369 saltem
937 3306 986 3367 καλ
1013 3306 1130 3380 ἀδικίας
1153 3303 1169 3368 δ
1192 3307 1315 3386 βλάπτει
1337 3323 1411 3369 0880

233 3425 395 3500 debuerat,
421 3425 576 3498 adquae,
601 3423 731 3483 etiamsi
756 3423 897 3495 genuina
920 3424 1041 3496 essent,
1065 3437 1105 3481 nc
1129 3416 1191 3479 εἰπὲ
1214 3420 1346 3494 quidem
1371 3434 1411 3482 ex

232 3533 387 3595 ἐπαίνεσον
427 3539 537 3611 petere
575 3537 696 3608 liceret,
733 3536 817 3609 quod
852 3536 966 3596 statim
1003 3536 1121 3595 diserte
1157 3534 1185 3593 oi
1218 3531 1411 3606 ἐπαινοῦντες

231 3653 292 3718 ιοῑς
336 3644 480 3726 ψέγουσιν
528 3651 740 3723 opponuntur.
789 3649 961 3709 Praeterea
1005 3649 1103 3708 verba
1148 3646 1239 3726 πάρες
1278 3644 1410 3706 ἐπαινεῖν

231 3762 424 3822 documento
465 3762 542 3820 sunt
583 3764 656 3834 post
697 3758 814 3837 ὀνίνησι
855 3763 934 3822 nihil
974 3762 1134 3822 addidisse
1170 3763 1337 3822 auctorem
1372 3761 1411 3821 de

232 3875 400 3934 iniustitia.
431 3907 467 3919 -
493 3875 625 3947 Legitur
647 3876 681 3934 in
704 3874 828 3935 Veneto
851 3878 862 3935 1
882 3872 1067 3951 ἀνασχοίμην
1088 3872 1186 3952 (sicut
1204 3876 1238 3934 in
1256 3874 1328 3935 Par.
1350 3871 1409 3952 Α);

232 4042 265 4101 in
290 4057 354 4115 mg.
379 3989 564 4118 ἀάάνσχοίμην
590 4042 729 4117 (litterae
752 4064 787 4100 να
807 4058 906 4102 manu
928 4043 1153 4103 recentissima
1172 4041 1411 4117 superscriptae

233 4152 332 4232 sunt).
361 4157 398 4216 ln
422 4156 545 4215 Veneto
570 4158 604 4213 Π
625 4152 825 4234 ἀποδεχοίμην
848 4158 976 4230 legitur.
998 4157 1194 4240 Scholiastes
1213 4156 1246 4215 et
1265 4154 1412 4215 Venetus

233 4265 261 4332 Ξ
284 4265 467 4347 ἀνασχοίμην
493 4269 657 4329 exhibent.
683 4270 866 4330 Verisimile
890 4271 997 4329 estin
1021 4270 1098 4330 Par⁰
1121 4271 1150 4328 A
1174 4267 1414 4340 antiquioribus

759 4367 920 4427 ἇποδιχολμην
1296 4379 1301 4390 ·

233 4440 322 4499 codd.
357 4439 404 4498 sic
435 4438 592 4512 scriptum
623 4438 724 4498 fuisse
755 4436 949 4516 ἀνασχοίμην,
979 4438 1063 4497 unde
1093 4452 1213 4497 novam
1235 4437 1415 4500 lectionem

233 4549 418 4631 ἀποσχοίμην
449 4553 555 4611 ortam
587 4567 669 4613 esse.
704 4586 742 4595 -
771 4551 844 4611 Mox
876 4551 947 4627 lege
977 4545 1044 4630 περὶ
1067 4547 1170 4611 αύτοῖν
1193 4546 1262 4628 (pro
1285 4547 1414 4630 αὐτῶν).
