3000 5018
795 288 837 347 90

230 473 302 543 (lin.
334 473 430 543 1891)
453 473 552 532 verba
582 468 621 543 ὡς
645 470 789 548 εὐήθειαν
813 472 947 533 delenda
970 472 1106 548 censuit,
1131 471 1218 533 male
1244 474 1277 532 ni
1302 472 1394 549 fallor,
1425 497 1449 524 a

229 600 304 645 nam
330 586 403 645 tum
426 583 519 656 οὕτως
543 586 618 645 ante
641 588 789 662 καλοῦμεν
813 586 973 646 insertum
998 586 1193 659 oportuerat.

84 700 147 760 401
175 695 205 761 A
274 696 413 756 Ποικιλία
433 700 484 759 est
507 714 560 758 ars
583 713 643 759 acu
666 699 827 774 pingendi,
852 699 891 759 ci.
916 700 979 759 373
1004 698 1042 759 A.
1071 698 1229 775 Quoniam
1250 699 1395 760 Timaeus

229 811 375 884 glossam
393 810 576 888 ποικιλτική·
604 810 739 870 ποικίλον
763 810 888 888 ὕφασμα
912 807 932 890 ἢ
956 808 1104 888 ὑφαντικὴ
1129 811 1273 871 ποικίλων
1297 812 1397 888 habel,

230 924 440 986 Ruhnkenius
467 925 596 1000 putavit
626 924 795 986 Platonem
815 927 872 985 aut
897 925 948 986 hic
971 926 1028 985 aut
1053 926 1116 985 373
1140 926 1169 985 A
1192 940 1251 999 pro
1273 923 1399 986 ποικιλία

228 1035 392 1115 ποικιλτικὴ
424 1039 602 1112 scripsisse.
636 1038 741 1115 Quum
773 1039 884 1099 autem
914 1037 1044 1097 ποικιλία
1077 1038 1244 1111 antiquius
1268 1039 1402 1099 verbum

229 1153 273 1211 sit
295 1167 393 1225 quam
417 1150 592 1229 ποικιλτική,
611 1152 690 1211 mihi
711 1152 923 1213 Ruhnkenius
943 1152 1046 1213 falsus
1066 1168 1139 1213 esse
1160 1153 1300 1231 videtur,
1324 1168 1403 1226 quae

230 1266 263 1325 ot
285 1265 469 1326 Schneideri
493 1264 572 1335 (Vol.
596 1265 611 1323 Ι
633 1280 663 1339 p.
691 1266 764 1335 166)
787 1265 892 1340 opinio
915 1265 986 1326 fuit.
1011 1266 1179 1339 Nusquam
1201 1281 1269 1328 voc.
1293 1253 1405 1327 ποικιλ-

230 1374 294 1454 τικὴ
314 1392 376 1453 ap.
408 1379 577 1440 Platonem
608 1379 755 1439 occurrit.
787 1379 918 1440 Praeter
946 1378 1076 1438 ποικιλία
1107 1379 1199 1441 Plato
1228 1380 1272 1451 (ln
1298 1381 1405 1456 Leggl

231 1490 331 1550 0113111
354 1494 429 1551 1000
453 1490 597 1562 ποίκιλσις
621 1492 695 1562 (vid.
720 1491 839 1552 Polluit.
867 1493 895 1568 7,
921 1493 962 1552 34
986 1489 1036 1551 καὶ
1059 1490 1090 1551 τὸ
1114 1501 1235 1573 πρᾶγμα
1258 1493 1406 1567 ποίκιλσις

230 1600 304 1662 κατὰ
335 1603 491 1675 Πλάτωνα)
523 1602 604 1665 usus
634 1606 693 1665 est.
728 1638 767 1648 -
799 1605 871 1665 Par.
901 1596 943 1665 ΑῙ
974 1601 1109 1684 ἄρυθμία
1141 1609 1215 1677 (non
1237 1602 1407 1685 ἀραθυμία)

177 1719 208 1786 B
231 1718 372 1795 exhibet,
401 1720 438 1778 ut
469 1719 564 1793 paulo
596 1720 670 1779 ante
702 1714 849 1797 dpvdpov.
874 1709 894 1802 ΙΙ
918 1719 1000 1778 Puto
1023 1719 1196 1793 legendum
1219 1734 1294 1781 esse
1317 1717 1407 1780 καλὸ

230 1827 270 1907 μὴ
303 1823 364 1902 οἷός
395 1852 425 1890 τε
451 1847 508 1907 pro
531 1828 551 1910 λ)
575 1827 591 1890 ὁ
615 1828 655 1908 μὴ
679 1835 738 1908 κτλ,
760 1835 929 1907 propterea
952 1834 1036 1906 quod
1059 1834 1195 1894 verbum
1218 1833 1406 1907 prohibendi

184 1942 451 2017 ὒωιακωλατέον)
485 1947 552 2006 iam
587 1945 758 2019 praecedit.
795 1937 814 2030 ΙΙ
850 1946 1045 2024 Legendum,
1080 1947 1114 2006 ni
1148 1947 1251 2024 fallor,
1284 1944 1406 2024 ἑκάστης

236 2059 357 2135 <τψς>
393 2053 520 2137 ψγὲραςς
550 2059 780 2134 haplographia
811 2060 976 2137 articulus,
1008 2060 1064 2133 qui
1087 2060 1201 2121 abesse
1223 2076 1289 2121 non
1312 2061 1404 2137 solet,

231 2174 410 2236 intercidit:
435 2174 474 2234 cf.
499 2189 549 2234 ex.
574 2189 620 2248 gr.
645 2175 777 2234 isocrat.
802 2175 842 2234 ad
865 2168 1183 2248 Ν1οοο101182καο
1207 2170 1334 2252 ἑκάστην
1353 2171 1405 2250 τὴν

232 2283 355 2365 ἡμέραν,
386 2287 460 2348 ibid.
492 2287 510 2356 5
544 2288 581 2346 11
614 2287 710 2348 idem.
749 2321 784 2331 -
817 2288 886 2349 Sec.
919 2287 1050 2362 Gampb.
1083 2289 1154 2349 Par.
1179 2289 1208 2347 A
1232 2284 1321 2367 αὔρα,
1342 2302 1405 2348 11011

179 2401 210 2465 l)
233 2399 308 2478 λύρα
328 2400 395 2472 (sic.
416 2401 495 2461 Ven.
520 2402 562 2469 Π)
586 2400 725 2461 exhibet.
750 2392 770 2485 ΙΙ
795 2400 937 2462 Ruckert
959 2402 999 2462 ad
1023 2401 1146 2462 Platon.
1172 2401 1283 2476 symp.
1308 2418 1339 2477 p.
1363 2401 1403 2460 48

232 2513 406 2574 articulum
436 2509 455 2591 ἡ
486 2515 559 2588 post
589 2513 752 2592 κυριωτάτη
784 2515 906 2588 optimo
936 2515 1005 2575 iure
1030 2515 1126 2588 (prob.
1151 2514 1317 2575 Herwerd.
1342 2513 1402 2574 Mn.

235 2626 330 2697 1891)
361 2628 535 2688 revocavit.
560 2628 680 2689 Deinde
701 2628 771 2702 lege
795 2643 868 2689 oum
893 2643 956 2688 uno
980 2629 1048 2688 cod.
1072 2624 1122 2686 nat
1149 2622 1240 2704 <1>
1269 2622 1405 2706 ἁρμονία,

232 2741 296 2801 nisi
326 2741 423 2801 malis
453 2742 602 2801 arbitrari
630 2757 686 2816 per
710 2742 816 2802 crasin
837 2741 928 2802 artic.
953 2757 979 2802 c.
1004 2741 1211 2801 substantivo
1234 2740 1404 2818 coaluisse,

112 2892 114 2897 -
182 2856 210 2921 ll
234 2855 317 2928 quod
340 2855 551 2915 verisimilius
574 2856 634 2916 est.
660 2847 679 2939 ΙΙ
704 2855 832 2929 Optime
856 2854 1020 2916 Herwerd.
1044 2854 1118 2926 (Mn.
1148 2855 1243 2926 1891)
1267 2855 1407 2917 correxit

232 2965 514 3046 (παραλειπομένων)
534 2965 553 3047 ἢ
574 2985 631 3043 pro
649 2969 709 3046 καί,
723 2969 799 3042 quia
810 2965 846 3027 τὰ
857 2965 1097 3047 παραλειπόμενα
1110 2969 1180 3028 sive
1192 2976 1251 3027 τῶν
1263 2967 1407 3049 δημιουρ-

229 3079 383 3160 γηθέντων
407 3082 476 3143 sive
499 3091 557 3142 τῶν
581 3083 702 3158 φύντων
723 3084 809 3143 sunt.
831 3116 872 3126 -
893 3081 1033 3155 Vulgata
1055 3078 1105 3140 καὶ
1129 3076 1228 3159 ὀρθῶς
1253 3079 1292 3158 δὴ
1321 3081 1409 3143 δνσ-

227 3194 396 3274 χεραίνω
406 3218 424 3254 v
447 3193 482 3255 τὰ
505 3193 566 3274 μὲν.
578 3194 653 3256 καλὰ
674 3194 863 3274 ἐπαινοίη
883 3195 1138 3273 111011181111033,
1151 3197 1253 3257 immo
1267 3198 1410 3260 absurda

232 3309 303 3370 visa
338 3311 397 3370 est.
433 3311 547 3383 Itaque
578 3310 618 3371 ld.
650 3311 848 3371 Vermehren
880 3310 972 3380 (Plat.
1005 3310 1094 3371 Stud.
1122 3312 1217 3380 1870)
1241 3304 1281 3372 ci.
1306 3307 1411 3390 ὀρθῶς

233 3419 270 3499 δὴ
299 3421 443 3500 <χαίρων
466 3420 550 3490 nul>
579 3421 780 3502 δυσχεραίνων
793 3467 941 3481 ........
968 3421 1088 3500 [χαίρων
1112 3420 1173 3494 καὶ]
1190 3416 1210 3493 ¹)
1225 3468 1314 3483 .....
1341 3440 1412 3501 pro·

232 3535 384 3595 bantibus
411 3536 446 3596 D.
472 3537 617 3611 Peipers⁰
633 3536 724 3608 (Phil.
746 3537 905 3609 Anzeiger
925 3536 974 3597 bd.
997 3539 1027 3606 3)
1048 3536 1130 3597 Bau.
1157 3535 1300 3614 eampo„
1313 3540 1412 3612 quasi

232 3649 280 3709 sic
310 3649 383 3721 quis
414 3664 557 3722 unquam
581 3649 708 3709 locutus
732 3649 793 3709 sit!
817 3649 945 3723 Optime
970 3649 1105 3723 vulgata
1123 3664 1159 3709 se
1183 3649 1291 3726 habet,
1311 3653 1413 3713 modo

233 3762 273 3822 ad
308 3760 509 3840 δυσχεραίνων
540 3764 650 3823 mente
682 3763 870 3837 suppleatur
902 3759 949 3821 ἐπὶ
979 3766 1040 3833 τοῖς
1071 3761 1214 3833 τοιούτοις
1238 3762 1269 3833 (1.
1294 3778 1323 3823 θ.
1350 3769 1414 3837 κοῖς

232 3871 517 3954 παραλειπομένοις),
538 3878 575 3936 ut
595 3877 680 3937 recte
707 3876 853 3936 Schneid.
879 3876 977 3936 vertit
1000 3876 1112 3951 (‚‚haec
1136 3890 1231 3949 aegre
1255 3875 1414 3949 ierens'’).

233 3988 443 4064 Participium
478 3989 679 4068 δυσχεραίνων
713 4005 847 4050 causam
878 3989 1020 4049 declarat
1050 3995 1103 4047 τοῦ
1135 3985 1267 4048 ἐπαινεῖν
1298 4010 1331 4049 τε
1364 3989 1416 4051 καλ

232 4099 346 4182 ψέγειν,
376 4104 410 4164 at
439 4104 608 4178 praecipue
639 4110 692 4162 τοῦ
720 4099 833 4182 ψέγειν,
856 4103 1066 4176 quamobrem
1089 4104 1201 4163 auctor
1224 4104 1299 4177 post
1321 4101 1417 4186 ψέγοι

232 4231 301 4276 voc.
337 4212 437 4294 ὀρθῶς
471 4217 612 4278 iteravit.
643 4217 743 4278 Recte
774 4216 885 4278 Stallb.
919 4217 1027 4286 (1829)
1059 4208 1171 4277 Herm.
1196 4215 1362 4281 Schmelz.
1388 4235 1415 4282 o.

267 4495 286 4560 ¹)
304 4499 387 4545 Verba
409 4503 499 4562 χαίρων
521 4501 559 4546 καί
582 4499 668 4547 omisit
690 4500 788 4546 lionae.
813 4512 830 4559 q
852 4510 913 4545 casu
936 4491 1052 4561 (propter
1074 4495 1246 4555 homoeotel.)‚
1269 4498 1301 4544 ut
1323 4499 1414 4548 4⁰6B

233 4577 312 4626 verba
330 4579 426 4642 ὕστερον
443 4580 546 4632 πολλούς.
