3000 5018
718 266 759 324 93

144 454 276 528 propter
298 454 588 515 homoeoteleuton.
613 455 776 515 Vocabula
800 455 1036 533 porticiniis.
1061 451 1149 533 ἁπλῆ)
1175 461 1207 518 et
1228 452 1323 534 ἁπλῆς

145 565 232 627 inter
263 582 298 628 se
329 568 532 642 respondent.
561 569 594 629 ei
621 584 677 642 pro
702 569 805 652 tappet
830 570 922 630 Plato
947 567 1115 652 ἐπῃνοῦμεν
1139 572 1191 631 vel
1215 573 1322 632 simile

146 680 223 752 quid
259 680 443 758 scripserat,
479 677 573 758 ἁπλῆς
610 684 723 743 abesse
758 685 893 757 poterat.
930 685 1104 757 Sequentia
1139 685 1194 745 alii
1230 686 1324 746 aliter

148 792 314 868 explicant
342 796 439 868 prout
464 795 705 870 interpungunt.
731 796 807 856 Mihi
831 797 920 857 nulla
943 798 1167 872 interpretatio
1190 798 1322 875 placuit,

145 906 258 980 itaque
288 905 460 980 legendum
490 911 568 982 puto
598 905 676 986 ἁπλῆ
699 930 759 969 τιον
782 905 801 985 ἡ
825 914 891 985 (pro
915 908 975 981 καὶ)
999 908 1129 987 ἐπιεικὴς
1153 935 1239 991 γυμν.
1265 917 1323 972 κτλ.

149 1019 230 1080 (lum
274 1019 394 1082 elauco
435 1038 499 1083 non
534 1023 730 1097 intelligeret
763 1026 923 1097 quomodo
959 1025 1082 1099 optima
1117 1027 1324 1099 gymnastioa

149 1136 286 1208 cognata
317 1138 406 1197 esset
433 1137 572 1211 simplici
604 1138 748 1198 musicae
780 1139 811 1198 h.
838 1154 865 1199 e.
898 1142 931 1199 et
962 1140 1033 1212 ipsa
1059 1138 1200 1213 simplex
1225 1143 1323 1215 essct,

149 1247 298 1308 Socrates
331 1248 364 1308 id
397 1248 445 1308 illi
479 1250 628 1324 explicat.
662 1251 743 1310 Male
775 1250 905 1325 (lampb.
938 1268 994 1326 pro
1029 1254 1175 1313 subiecto
1213 1254 1325 1313 habuit

148 1375 339 1436 praegressa
361 1357 380 1438 ἡ
404 1361 535 1440 βελτίστη
559 1363 751 1442 γυμναστική,
774 1366 850 1438 quia
867 1368 939 1425 turn
960 1367 1116 1442 scripturn
1138 1370 1324 1441 oportuerat

147 1468 224 1550 διπλῆ
249 1495 279 1533 ιτ.
302 1497 328 1533 κ.
353 1471 373 1534 ε’.
401 1476 525 1549 <τις>
552 1476 735 1555 γυμναστική
759 1481 816 1536 κτλ.
842 1469 861 1560 ΙΙ
887 1479 1004 1540 Cobeto
1029 1482 1126 1540 verba
1152 1478 1183 1538 ἕν
1199 1475 1324 1557 Ἑλλησ·
1424 1556 1427 1561 ¹

150 1585 248 1672 πόντῳ
280 1589 409 1649 eicienti
439 1590 628 1649 novissimis
661 1591 751 1651 editt.
784 1593 1073 1666 obtemperandum
1099 1594 1213 1653 fuerat.
1238 1594 1324 1653 Nihil

151 1701 248 1761 refert
278 1703 390 1762 utrum
420 1698 452 1761 ἐν
477 1696 685 1788 Ἑλλησπόντῳ
718 1719 759 1763 an
792 1702 823 1763 ἐν
855 1703 996 1789 Αἰγύπτῳ
1030 1705 1105 1781 sint,
1134 1706 1190 1766 sed
1214 1707 1325 1766 utrum

152 1811 197 1873 ἐπὶ
231 1813 364 1898 θαλάττῃ
398 1830 508 1878 necne.
545 1818 716 1878 Praeterea
748 1816 804 1894 ἐπί,
835 1834 898 1878 non
932 1816 962 1877 ἐν
993 1833 1073 1893 opus
1104 1820 1219 1879 fuerat.
1251 1819 1325 1880 Mox

151 1931 236 1991 recte
269 1929 407 1991 (lobetus
438 1934 525 2001 (nota
557 1936 629 2001 me.)
662 1933 700 1992 ci.
733 1930 866 2008 σώματος
897 1947 953 2005 pro
985 1931 1095 2009 σώματι
1124 1933 1195 1993 coll.
1222 1933 1258 1992 D.
1285 1967 1324 1975 -

153 2042 290 2117 Vulgata
321 2040 371 2102 καὶ
402 2039 501 2121 ὀρθῶς
525 2066 566 2124 γε,
590 2042 658 2121 ἔφη,
680 2045 762 2103 ἴσασί
784 2067 812 2104 τε
836 2042 886 2104 καὶ
909 2042 1066 2122 ἀντέχονται
1090 2048 1240 2120 corrupta
1263 2048 1324 2119 est,

153 2171 226 2216 cum
257 2157 337 2216 illud
360 2178 392 2236 ys
416 2158 483 2217 iam
507 2158 667 2231 significet
692 2157 779 2217 ἴσασι.
802 2161 916 2233 Itaque
936 2159 1108 2232 legendum
1132 2160 1210 2232 puto
1236 2156 1328 2229 [ἴσασί

151 2290 179 2328 τε
208 2267 270 2341 καὶ]
303 2266 468 2348 ἀπέχονται.
502 2262 521 2353 ΙΙ
552 2272 622 2331 Non
655 2272 740 2332 male
772 2272 884 2333 stallo.
909 2288 964 2346 pro
987 2276 1101 2349 Σοραιτ.
1128 2267 1160 2331 δὲ
1183 2272 1327 2346 reposuit

150 2385 185 2440 Σ.
216 2382 263 2460 δή.
287 2384 392 2444 Verba
423 2383 502 2462 εἴπερ
534 2401 581 2444 σοι
614 2393 704 2444 ταῦτα
737 2385 822 2445 δοκεῖ
841 2381 940 2463 ὀρθῶς
965 2384 1039 2464 ἔχειν
1063 2386 1324 2447 emendationem

150 2494 238 2562 illam
270 2497 428 2571 flagitant.
460 2499 544 2558 Illud
575 2497 666 2570 αἰνεῖς
698 2515 754 2574 pro
785 2497 914 2570 ἐπαινεῖς
942 2501 1105 2574 poeticum
1130 2501 1190 2575 est,
1215 2499 1325 2571 itaque

150 2609 228 2671 haec
260 2626 302 2671 ex
332 2611 438 2685 aliquo
469 2614 565 2686 poeta
593 2614 715 2673 comico
740 2613 913 2687 desumpta
937 2628 1008 2673 esse
1036 2614 1183 2672 videntur
1208 2611 1325 2671 eobero

150 2723 221 2800 (Mn.
253 2724 291 2784 N.
323 2724 354 2785 8.
385 2726 433 2784 ΠΙ
463 2742 492 2800 p.
526 2727 618 2800 343);
650 2728 743 2799 pauci
775 2728 863 2787 codd.
893 2726 1061 2787 deterrimi
1087 2723 1215 2795 ἐπαινεῖς
1241 2724 1325 2783 exhi·
1359 2800 1361 2804 ,

149 2838 232 2900 bent.
249 2872 289 2881 —
302 2838 340 2899 R.
361 2839 495 2900 Ausfeld
513 2840 658 2910 (Geneth.
673 2840 812 2913 Gotting.
830 2840 925 2910 1888)
940 2841 1036 2899 verba
1051 2835 1148 2918 ψέγεις
1161 2835 1217 2916 ἄρα
1228 2883 1250 2895 ..
1264 2882 1321 2895 ....

150 2951 320 3011 παντάπασι
343 2947 396 3029 μὲν
421 2944 476 3012 οὖν
500 2954 636 3014 delenda
659 2954 794 3030 censuit,
818 2954 970 3029 pessime,
996 2955 1031 3013 ut
1054 2955 1121 3013 iam
1145 2953 1185 3012 ad
1210 2953 1274 3012 373
1294 2952 1323 3011 A

151 3066 381 3127 demonstravi.
415 3066 556 3127 Socratis
588 3068 685 3128 verba
714 3067 799 3127 inira
827 3068 867 3128 ab
890 3068 1066 3129 Adimanto
1089 3066 1321 3140 respiciuntur:

152 3179 226 3248 (420
238 3179 278 3249 A)
298 3177 370 3238 ὥστε
382 3173 460 3239 οὐδ’.
471 3225 476 3236 .
488 3225 509 3236 ..
531 3176 640 3251 ἐξέσται
660 3179 760 3250 αὐτοῖς
775 3184 830 3251 (z
842 3181 981 3254 φύλαξιν)
992 3226 997 3238 .
1009 3226 1014 3238 .
1025 3226 1030 3238 .
1042 3226 1047 3237 .
1061 3177 1188 3256 ἑταίραις
1202 3177 1327 3237 διδόναι.

151 3291 194 3353 De
218 3292 417 3353 athletarum
441 3309 460 3353 a
484 3310 601 3354 venere
625 3294 822 3354 abstinentia
846 3293 885 3353 ci.
910 3293 1005 3366 Legg.
1032 3292 1135 3352 84οΑ
1157 3287 1224 3350 οὔτε
1243 3289 1323 3361 τινὸς

152 3407 268 3469 πώποτε
291 3405 432 3486 γυναικὸς
456 3405 555 3484 ἥψατο
579 3411 637 3466 κτλ.

129 3573 134 3581 .
196 3522 325 3597 Optime
359 3520 498 3582 Cobetus
529 3521 602 3592 (Mn.
638 3521 721 3580 1874
753 3536 783 3594 p.
818 3520 892 3590 280)
925 3535 982 3594 pro
1014 3515 1151 3594 δικανικὴ
1185 3518 1329 3593 reposuit

153 3632 304 3711 δικαστικὴ
337 3635 407 3697 coll.
440 3636 651 3709 sequentibus
673 3642 724 3710 τῆς
751 3629 784 3692 δὲ
807 3641 900 3709 κακῆς
924 3654 953 3692 τε
976 3630 1026 3692 καὶ
1049 3631 1168 3711 αἰσχρᾶς
1192 3630 1328 3701 παιδείας

154 3750 295 3827 (respicit
317 3750 409 3811 Plato
432 3751 543 3825 procul
567 3750 661 3809 dubio
684 3763 761 3808 suos
786 3749 884 3817 cives)
895 3793 977 3808 .....
990 3744 1010 3825 ἢ
1030 3746 1062 3807 τὸ
1085 3747 1203 3806 δεῖσθαι
1221 3745 1328 3824 ἰατρῶν

153 3861 201 3923 καὶ
227 3864 373 3924 δικαστῶν
396 3860 503 3943 ίίκραον.
529 3863 614 3922 Illud
637 3861 832 3937 σεμνύνονται
856 3862 886 3931 (i.
913 3877 940 3922 e.
961 3861 1160 3934 superbiunt)
1182 3862 1215 3921 et
1235 3853 1328 3936 μηδὲν

153 3976 273 4036 δεῖσθαι
293 3975 485 4048 νυστάζοντος
507 3975 647 4034 δικαστοῦ
667 3974 847 4035 luculenter
867 3974 987 4034 indicat
1007 3989 1026 4033 a
1045 3974 1179 4033 Platone
1197 3973 1327 4032 eosdem

152 4090 276 4152 iudices
295 4092 401 4151 notari
420 4091 474 4165 qui
494 4090 527 4150 in
543 4089 770 4163 Aristophanis
782 4087 897 4161 Vespis
909 4087 1179 4161 perstringantur.
1194 4085 1328 4158 saepius

154 4220 270 4266 vocem
302 4202 472 4279 δικαστιτιὴν
504 4219 524 4263 a
547 4203 687 4263 librariis
709 4203 796 4262 male
821 4201 999 4261 mulcatam
1024 4215 1096 4259 esse
1120 4197 1258 4259 Oobetus
1282 4197 1326 4258 l.l.

153 4318 305 4379 ostendit.
338 4318 452 4378 Verbis
488 4316 558 4376 ὅταν
592 4314 629 4392 δὴ
665 4313 714 4373 καὶ
750 4312 901 4392 ἐλεύθεροι
935 4310 1038 4372 πολλοὶ
1048 4357 1118 4370 .....
1153 4309 1219 4389 περὶ
1254 4308 1329 4370 αὐτὰ

153 4430 361 4502 σπονσοῖζασιν
385 4432 579 4505 respondent
601 4429 635 4489 in
659 4430 723 4487 410
740 4430 769 4487 A
794 4427 825 4486 οῖ
846 4422 877 4485 δὲ
901 4425 938 4503 δὴ
963 4424 1039 4485 νέοι.
1115 4422 1332 4504 εὐλαβήσονταί

154 4562 202 4605 σοι
234 4544 469 4621 δικαστικῆς
501 4543 541 4615 εἰς
573 4543 672 4623 χρείαν
700 4538 782 4600 ἰέναι.
808 4532 827 4623 ΙΙ
851 4541 937 4600 Astii
964 4541 997 4600 et
1021 4540 1148 4600 Faehsii
1172 4542 1231 4599 eam
1256 4534 1326 4609 [καὶ]
