3000 5018
830 300 892 360 144

272 484 392 544 iunotio
415 479 486 561 μηδ’
513 489 564 554 (ne
578 519 617 528 —
632 482 774 562 quidem)
797 501 929 560 prorsus
952 486 1077 560 frigeat.
1103 489 1177 549 Mox
1202 488 1342 552 Oobetus
1367 508 1451 554 oorr.

272 591 347 673 μηδὲ
378 593 419 674 ἓν,
449 599 579 675 optime,
610 614 688 660 nam
714 619 746 677 γε
768 599 821 659 bio
843 599 937 673 plane
960 599 1116 675 ineptum.
1142 602 1213 665 Par.
1238 595 1292 663 AII
1316 606 1454 667 exhibet

273 712 313 791 μὴ
330 682 362 774 o}
381 707 409 794 ν’
427 714 463 774 a
482 716 503 775 r.
525 731 552 776 e.
574 709 644 793 μηδ’
663 714 699 775 a
719 716 771 777 ver
791 714 885 794 μηδὲν
907 715 955 795 (v.
973 714 1021 796 a).
1036 753 1076 762 -
1090 720 1191 782 Paulo
1203 723 1276 796 post
1287 723 1452 784 eusebius

273 829 404 889 exhibet
434 825 582 904 ἐντιθέναι
606 827 727 908 (steph.
756 831 849 892 Astio
872 832 1087 894 Hervverdeno
1111 833 1174 894 Mn.
1202 835 1286 896 1883
1312 837 1450 911 proban·

272 943 369 1013 tibus)
393 943 570 1018 speciosius
592 959 690 1017 quam
713 945 833 1021 verius,
858 961 932 1006 oum
956 962 1071 1022 parum
1095 949 1258 1022 probabile
1278 950 1322 1010 sit
1342 951 1450 1012 Plato·

271 1072 348 1117 nem
370 1057 423 1118 bio
447 1057 556 1117 minus
578 1057 734 1118 involutis
757 1058 863 1118 verbis
883 1075 982 1133 quam
999 1075 1100 1143 supra
1120 1061 1195 1130 (460
1217 1061 1250 1138 0,
1270 1065 1333 1124 461
1357 1065 1395 1124 A.
1409 1059 1448 1141 B)

272 1171 427 1231 miseram
448 1171 571 1230 sortem
583 1170 711 1231 illorum
724 1173 818 1231 extra
829 1171 935 1245 legem
947 1174 1100 1233 natorum
1113 1175 1278 1236 declarare
1291 1177 1446 1238 voluisse.

271 1283 352 1343 Puto
371 1282 539 1356 vulgatam
559 1284 606 1343 sio
626 1285 794 1344 commoda
816 1285 929 1345 Latine
957 1287 1039 1345 verti
1062 1302 1158 1361 posse
1189 1289 1280 1364 „tum
1300 1286 1391 1365 (oltra
1403 1309 1448 1347 =

271 1391 302 1454 ἐν
336 1395 439 1480 τούτῳ)
474 1397 685 1458 existimanto
701 1391 721 1467 ¹)
757 1413 794 1458 ao
827 1414 1019 1473 persuasum
1054 1401 1193 1461 habento
1227 1403 1354 1464 nullam
1388 1405 1447 1464 tali

269 1513 350 1586 proli
390 1508 505 1590 τροφὴν
546 1513 660 1573 datum
694 1513 765 1588 iri,”
801 1529 863 1586 quo
900 1514 1034 1574 minime
1075 1516 1209 1577 obscure
1243 1517 1447 1591 significatur

269 1626 414 1700 ipsorum
444 1629 615 1700 parentum
647 1623 722 1704 (non
754 1626 895 1700 amplius
922 1629 1175 1701 magistratuum
1200 1632 1294 1691 utin
1319 1632 1385 1693 460
1412 1630 1444 1708 0,

270 1741 333 1801 461
365 1742 403 1801 A.
436 1738 474 1818 Β)
505 1739 649 1802 officium
680 1741 825 1801 futurum
854 1757 925 1802 esse
959 1743 1059 1802 talem
1084 1742 1207 1816 prolem
1232 1745 1444 1822 expositione,

270 1855 456 1915 suffocando
486 1854 589 1914 aliove
620 1840 717 1913 modo
747 1854 815 1913 vita
842 1855 998 1928 privandi.
1031 1854 1131 1915 Paulo
1162 1855 1256 1916 aliter
1280 1855 1445 1932 oampbell

270 1970 368 2030 vertit
401 1971 453 2045 „to
476 1970 604 2043 dispose
627 1969 663 2029 of
682 1969 709 2029 it
731 1984 772 2029 on
795 1969 850 2028 the
873 1969 959 2029 clear
982 1969 1237 2043 understanding
1259 1971 1333 2030 that
1365 1973 1444 2032 such

268 2100 309 2145 an
344 2084 498 2159 offspring
531 2084 560 2144 is
593 2085 650 2144 not
683 2084 717 2143 to
751 2083 790 2143 be
824 2083 968 2144 reared.”
1004 2083 1243 2144 Herwerdenus
1276 2087 1446 2159 praeterea

267 2192 383 2255 τιθέναι
421 2181 506 2272 (6011.Ι
535 2197 599 2257 469
630 2197 669 2266 A)
700 2196 739 2256 de
770 2195 936 2270 sepultura
967 2196 1104 2271 intelligi
1135 2197 1231 2257 iussit
1261 2198 1347 2270 quod
1378 2214 1444 2273 per-

269 2309 389 2368 mirum
420 2309 501 2368 mihi
532 2309 669 2384 videtur,
699 2324 776 2369 nam
800 2324 864 2369 non
887 2306 919 2367 τὸ
942 2307 1069 2369 θάπτειν
1093 2307 1210 2389 ἔκγονα,
1233 2311 1291 2370 sed
1313 2308 1347 2369 τὸ
1371 2307 1445 2370 aaa

269 2421 391 2481 κτείνειν
410 2437 533 2482 novum
553 2422 739 2482 inst'tutum
761 2424 821 2482 est.
842 2424 893 2483 An
909 2423 990 2484 otooa
1001 2423 1203 2498 sepeliendos
1215 2422 1288 2483 illos
1300 2424 1444 2486 infantes

270 2536 367 2596 vird.
388 2536 548 2610 putabat?
566 2534 666 2595 Valde
690 2538 857 2609 praeterea
878 2552 988 2597 vereor
1009 2538 1045 2596 ut
1064 2538 1103 2597 de
1124 2522 1314 2610 quoeunque
1332 2539 1446 2600 funere

268 2650 343 2724 poni
362 2649 464 2724 possit
485 2644 600 2706 τιθέναι
619 2649 708 2708 nullo
728 2649 949 2710 additamento
970 2650 1070 2718 (velut
1089 2646 1121 2708 ἐν
1140 2647 1237 2734 τάφῳ)
1250 2651 1388 2724 adjecto.
1404 2685 1443 2696 -

217 2766 243 2830 ll
267 2764 351 2836 Lege
370 2760 477 2839 νυνδή,
495 2762 577 2823 item
596 2762 687 2822 initio
707 2763 725 2832 ὅ
744 2763 778 2824 Ε.
793 2754 1022 2845 llVorbarrapb
1033 2771 1085 2823 τοῦ
1098 2762 1187 2843 λόγον
1200 2764 1235 2824 G.
1249 2765 1287 2824 A.
1301 2765 1451 2827 Hirsohi-

166 2912 168 2915 -
266 2877 340 2950 gius
370 2876 506 2952 delebat,
538 2876 608 2936 sine
635 2890 749 2937 causa:
775 2877 940 2937 abundant
962 2876 1094 2949 quidem
1117 2890 1220 2948 neque
1245 2877 1332 2937 aliud
1354 2880 1447 2953 quid-

266 3004 365 3062 quam
385 2987 568 3060 signifioant
580 3003 679 3060 quam
691 2998 730 3071 τῷ
743 2987 819 3072 λόγῳ
833 2982 857 3066 ²)
872 2989 1156 3067 (‚,disputatione”‚
1172 2989 1446 3065 „investigatione

265 3100 421 3180 nostra”),
457 3103 514 3162 sed
547 3117 603 3176 per
636 3117 672 3162 se
703 3104 850 3177 spectata
882 3104 932 3173 (of.
965 3103 1059 3176 Gorg.
1093 3104 1156 3163 489
1181 3104 1210 3162 A
1234 3102 1449 3182 βεβαιώσωμνι

265 3214 324 3295 ἤδη
355 3215 436 3296 παρὰ
467 3225 532 3294 σοῦ,
556 3218 666 3292 Symp.
694 3218 796 3279 199ss
820 3214 1116 3296 ἀνομολογησάμενος
1139 3210 1204 3296 παρ’
1231 3213 1338 3294 αὐτοῦ)
1362 3219 1444 3278 mibi

265 3349 330 3394 non
353 3333 465 3408 spuria
490 3332 648 3392 videntur.

122 3455 186 3515 462
214 3449 245 3518 Α
313 3448 456 3507 Frustra
479 3446 643 3507 Dobraeus
677 3442 824 3523 (Advers.
858 3442 947 3522 Orit.)
976 3460 1033 3519 pro
1064 3436 1122 3524 ἆρα
1149 3440 1168 3502 o
1192 3452 1249 3503 νῦν
1273 3445 1312 3505 ei.
1342 3445 1438 3517 <εἰ>

219 3556 324 3638 Gripo
344 3555 362 3617 a
385 3567 459 3632 νῦν;
482 3561 522 3621 of.
547 3575 576 3621 v.
601 3575 627 3620 o.
653 3559 746 3633 Gorg.
771 3561 834 3619 467
859 3560 898 3619 A.
922 3559 997 3618 Mox
1021 3558 1092 3632 lege
1112 3557 1217 3636 νυνδή.
1243 3549 1261 3641 Η
1286 3560 1440 3635 Expunge

268 3673 365 3732 verba
386 3669 439 3730 τινί
458 3669 525 3749 περὶ
547 3679 599 3734 τοῦ
619 3668 783 3751 ἀλλοτρίου,
802 3687 884 3745 quaa
904 3671 997 3733 futile
1016 3672 1346 3746 interpretamentum
1365 3675 1440 3735 sunt

267 3785 355 3846 voois
385 3783 416 3844 τὸ
440 3782 495 3844 οὐκ
520 3781 600 3862 ἐμόν,
622 3785 697 3846 audi
721 3801 771 3846 ex.
797 3800 843 3858 gr.
868 3784 1084 3844 Iambliobum
1107 3785 1146 3844 de
1170 3800 1201 3844 u.
1225 3784 1320 3858 Pytb.
1346 3802 1373 3847 e.
1398 3789 1438 3848 30

265 3897 326 3977 (ed.
357 3895 471 3976 Kiesl.)
501 3895 549 3957 ἐπὶ
573 3896 605 3958 τὸ
629 3896 701 3958 αὐτὸ
724 3898 756 3957 τὸ
781 3896 852 3976 ἐμὸν
877 3894 1065 3978 φθέγγεσθαι
1088 3894 1138 3957 καὶ
1160 3897 1200 3957 τὸ
1225 3895 1438 3979 ἀλλότριον

264 4031 323 4076 nec
346 4014 464 4088 legisse
488 4013 615 4073 videtur
638 4012 770 4072 Proolus
797 4013 830 4072 in
853 4012 972 4087 scripto
993 4005 1167 4087 Ἐντίστεψις
1191 4020 1250 4071 τῶν
1270 4006 1326 4072 ὑπ’
1350 4015 1439 4092 Ἀρισ-

265 4126 398 4200 τοτέλους
420 4131 470 4188 κτλ
493 4145 523 4204 p.
550 4128 622 4188 132.
648 4127 706 4198 (ed.
731 4125 768 4185 R.
794 4125 920 4186 Schoell
943 4122 1039 4204 1886)
1060 4140 1136 4186 oum
1156 4126 1322 4200 scripserit
1333 4124 1439 4186 ταύτὸν

302 4416 322 4485 1)
347 4420 444 4469 Troiam
467 4435 543 4482 saepe
564 4421 691 4481 signifieat
708 4418 896 4478 „existimaro”‚
914 4417 947 4465 oi.
966 4418 1044 4477 Sopb.
1062 4417 1147 4477 Antig.
1166 4419 1230 4464 1166
1251 4419 1279 4465 οὐ
1295 4419 1377 4479 τίθημ’
1396 4419 1436 4475 tyb

267 4504 406 4643 &baim
423 4506 556 4639 gisampbell
573 4581 650 4628 vertit
668 4583 709 4636 „to
727 4579 815 4626 obtain
834 4576 1011 4624 confirmation
1027 4576 1093 4623 from
1111 4575 1156 4622 the
1173 4573 1343 4635 argument.'’‚
