3000 5018
641 267 661 326 9

64 475 94 532 γε
111 449 130 523 ¹)
154 457 269 523 πλοῖον)
293 458 349 513 aut
373 470 447 513 curn
471 451 521 512 καὶ
546 455 579 514 et
603 471 675 514 curn
701 452 774 514 dli&
797 457 993 529 iungendum
1019 473 1101 532 esse,
1126 459 1235 531 itaque

64 569 257 642 particulam
288 564 347 643 μὴν
379 582 563 627 sermonem
595 568 783 628 alacriorem
811 570 939 629 tantum
963 571 1104 631 reddere.
1130 571 1162 630 Si
1185 569 1235 628 οιαὶ

64 683 96 740 in
131 679 182 740 καὶ
215 679 274 757 μὴν
312 682 378 740 vim
408 682 606 740 intensivam
638 683 734 741 habet
766 685 813 750 (ut
843 684 875 742 in
907 681 959 741 καὶ
988 683 1080 760 advo,
1110 683 1237 762 σφόδρα,

64 793 141 870 μάλα
173 799 255 869 eccl,
283 796 354 854 turn
379 793 541 867 significat
564 795 633 854 sive
651 797 786 869 profecto
809 797 852 865 lin
876 797 1083 870 responsione
1108 798 1171 856 427
1197 798 1235 872 A,

64 910 128 968 328
152 909 188 976 D)
213 908 282 967 sive
305 907 371 967 ium
394 923 463 966 baro
486 908 528 978 (in
554 909 834 982 argumentatione
858 910 922 969 413
948 911 983 978 D)
1008 911 1078 970 sive
1101 912 1236 984 opedam

65 1022 114 1090 (cs.
147 1022 211 1080 445
225 1024 267 1095 c);
296 1021 346 1079 sin
369 1018 418 1078 καὶ
442 1021 611 1094 copulandi
635 1021 702 1080 vim
726 1022 868 1096 retinuit,
893 1025 964 1082 turn
989 1020 1038 1081 καὶ
1062 1020 1121 1100 μὴν
1146 1039 1234 1096 argu·

66 1135 319 1197 mentationibus
349 1135 515 1194 nectendis
550 1131 620 1204 (καὶ)
654 1150 692 1194 ac
727 1136 967 1195 corroborandis
1002 1135 1072 1213 (μὴν
1091 1141 1236 1206 :sanet

64 1249 208 1307 inservit.
241 1248 396 1307 Similiter
426 1244 499 1305 atta
530 1245 589 1323 μὴν
620 1249 715 1308 modo
738 1249 771 1308 in
795 1251 1051 1321 argumentando
1074 1250 1180 1325 (utqui,
1204 1254 1236 1309 al

63 1377 143 1435 caro,
175 1354 253 1420 iam
267 1363 356 1435 bero),
381 1361 476 1420 modo
500 1361 532 1419 in
557 1362 702 1434 negando
726 1362 765 1430 (si
789 1363 952 1422 sententia
975 1363 1127 1436 negativa
1150 1367 1237 1424 ante·

15 1474 210 1548 Ecesserit,
235 1488 290 1546 per
326 1474 505 1548 „profecto”
541 1474 622 1533 verti
645 1475 773 1548 poterit)
797 1475 976 1535 adhibetur.
1009 1467 1028 1557 ΙΙ
1060 1476 1131 1536 Non
1158 1492 1237 1551 opus

65 1590 115 1646 est
138 1602 213 1646 cum
238 1587 324 1646 Stob.
350 1583 438 1645 ὁιιοία
460 1584 503 1658 τίς
527 1584 586 1645 ἐοιι
609 1587 724 1660 legere.
746 1589 783 1646 In
804 1588 1076 1662 subsequentibus
1096 1584 1112 1647 t
1133 1586 1170 1664 δὴ
1190 1587 1238 1648 εἰιὶ
1290 1563 1292 1567 ’

63 1699 173 1787 γήραος
194 1699 273 1781 οὐδῷ
294 1692 534 1773 accinebant
552 1697 671 1776 ποιηταὶ
692 1715 807 1760 moneo
829 1703 966 1774 (propter
986 1702 1071 1760 Astii
1085 1702 1237 1762 vitiosam

65 1814 246 1874 versionem
281 1814 383 1888 ,quod
414 1814 592 1873 senectutis
624 1814 724 1874 limen
749 1830 821 1874 esse
845 1815 956 1874 dicunt
978 1816 1124 1889 poetae”)
1148 1831 1236 1889 pron.

63 1921 79 1984 t
115 1942 187 1986 esso
214 1928 383 2002 objectum
416 1928 545 1986 tanturn
577 1929 666 1987 verbi
697 1943 799 2003 φασιν,
829 1943 892 1988 non
925 1929 1022 1988 simul
1055 1930 1237 2004 subjectum

64 2041 154 2100 verbi
176 2032 260 2098 εἶναι.
284 2074 318 2081 -
350 2041 454 2100 Verba
475 2039 602 2117 χαλεπὸν
621 2049 674 2100 τοῦ
695 2040 763 2119 βίοο
785 2043 960 2103 editoribus
981 2043 1103 2103 multas
1123 2044 1237 2104 moles·

63 2155 128 2213 tias
147 2155 343 2229 attulerunt;
365 2154 586 2215 Heindorflum
606 2157 718 2215 autem
738 2177 765 2213 ιι
784 2155 824 2216 ad
844 2153 970 2232 χαλεπὸν
990 2157 1237 2216 subaudientem

64 2268 110 2326 lta
141 2267 236 2341 probo
251 2259 272 2335 ²)
302 2269 338 2326 ut
362 2269 461 2327 etiam
485 2269 518 2327 in
542 2271 670 2328 textum
695 2290 721 2326 ιι
744 2269 963 2344 recipiendum
986 2271 1113 2344 ducam,
1138 2285 1238 2342 quum

63 2381 161 2453 genit.
192 2387 245 2440 τοῦ
276 2379 344 2457 βίοι
376 2382 533 2453 tanquam
563 2382 595 2440 in
620 2397 694 2442 aere
717 2397 896 2456 suspensus
919 2384 995 2443 ferri
1018 2385 1158 2456 nequeat
1180 2400 1239 2444 nec

64 2495 169 2567 magis
200 2495 240 2554 ad
270 2502 356 2553 τοῦτο
388 2496 499 2554 referri
528 2496 641 2570 possit,
674 2496 705 2554 id
736 2496 819 2569 quod
851 2497 998 2556 Schneid.
1023 2498 1056 2557 et
1080 2497 1237 2557 Schmelz.

65 2609 171 2682 inepte
191 2610 356 2682 putarunt.
378 2608 496 2667 Parum
517 2609 629 2668 idonee
649 2609 719 2670 Ast.
734 2607 859 2686 χαλεπὸν
873 2609 1090 2670 masculinum
1104 2625 1239 2670 sumens

65 2721 201 2780 conferri
233 2723 333 2794 jussit
365 2721 457 2794 Gorg.
484 2722 589 2783 5198
621 2721 766 2800 συχνοὺς.
781 2768 806 2780 ..
838 2722 922 2782 calvo>
953 2731 1012 2781 τῶν
1042 2721 1138 2800 λόγον
1169 2725 1239 2784 sive

65 2837 142 2909 Rep.
163 2836 266 2896 416ss
287 2833 341 2911 τὴν
361 2835 499 2913 μεγίστην
518 2843 569 2913 τῆς
589 2834 751 2914 εὐλαβείας.
768 2837 977 2897 Doederlinus
990 2837 1047 2894 ΨΘ
1063 2838 1097 2898 L.
1112 2835 1239 2915 χαλεπὸν

64 2946 96 3007 ab
126 2957 178 3007 τοῦ
212 2950 240 3027 β.
265 2950 350 3008 male
373 2950 594 3023 patrocinatus
617 2951 677 3025 est,
702 2950 865 3010 Liebholdi
889 2952 1000 3009 autem
1025 2950 1142 3021 (Fleok.
1168 2951 1238 3011 Jbb.

67 3063 150 3121 1888
186 3063 236 3122 bd.
276 3064 348 3133 137)
383 3062 511 3140 διάνοια,
544 3066 581 3123 ut
615 3064 756 3124 Socratis
789 3065 822 3123 in
854 3064 985 3124 Theaet.
1017 3065 1124 3125 verbis
1155 3067 1238 3139 utar,

64 3176 248 3235 monstrum
271 3174 398 3254 χαλεπὸν
421 3174 500 3247 τέλος
523 3184 576 3236 τοῦ
600 3175 669 3255 βίου
692 3177 824 3251 peperit.

11 3283 40 3349 Α
110 3289 209 3350 Bekk.
242 3291 274 3349 et
306 3290 452 3351 Schneid.
485 3306 559 3350 curn
591 3291 680 3350 codd.
712 3291 875 3350 nonnullis
899 3282 964 3350 οἶόν
986 3285 1014 3369 γ’
1042 3288 1106 3366 ἐμοὶ
1130 3292 1239 3360 (ceteri

65 3403 154 3464 editt.
179 3401 211 3481 pt
234 3426 284 3479 μοι
307 3404 519 3475 retinuerunt)
547 3405 657 3465 minus
684 3407 770 3465 recte
799 3405 976 3479 ediderunt,
997 3404 1073 3475 quia
1092 3403 1240 3464 Socrates

64 3518 97 3576 in
122 3517 223 3577 3288
248 3519 417 3589 rogaverat
440 3515 490 3576 καὶ
513 3516 551 3594 δὴ
574 3514 625 3576 καὶ
648 3525 718 3576 σοῦ
742 3511 837 3592 ἡδέως
861 3511 899 3574 llo
919 3515 1077 3593 πυθοίμην
1097 3514 1114 3575 ὅ
1132 3514 1161 3574 τί
1178 3532 1239 3575 σοι

64 3628 210 3704 φαίνεται,
240 3628 294 3688 ubi
325 3645 370 3687 σοι
402 3629 494 3689 facile
528 3633 661 3691 accentu
694 3646 802 3690 carere
829 3632 945 3705 potest,
970 3645 1044 3690 cum
1069 3631 1239 3704 praecedat

65 3750 128 3800 σοῦ.
153 3743 230 3802 Post
254 3734 319 3803 οἷον
342 3742 472 3816 saepius
492 3764 524 3822 γε
544 3745 681 3819 ponitur,
703 3745 742 3804 cf.
765 3745 828 3803 396
842 3744 876 3803 Ε.
900 3777 939 3786 -
956 3744 993 3802 In
1013 3744 1238 3804 Malatestiano

65 3856 172 3915 codice
203 3857 243 3916 ad
273 3876 303 3914 ιι.
330 3855 494 3934 παροιμίαν
517 3857 577 3915 hoc
601 3856 743 3916 scholion
768 3857 966 3931 adscriptum
991 3859 1057 3917 est:
1082 3854 1149 3935 περὶ
1175 3853 1239 3932 „det

68 3966 184 4038 κολοιὸς
214 3966 281 4028 ποτὶ
311 3967 429 4029 κολοιὸν
456 3968 577 4046 ἱζάνει,”
609 3986 691 4044 quae
724 3986 800 4031 vera
828 3942 956 4046 senarii,
981 3971 1021 4030 ab
1048 3971 1121 4030 aliis
1149 3972 1237 4031 codd.

63 4081 157 4140 aliter
192 4083 312 4157 traditi,
349 4083 452 4143 forma
487 4100 559 4144 esse
591 4085 726 4144 videtur.
761 4119 801 4127 —
835 4084 966 4144 Praeter
997 4084 1108 4144 Stallb.
1141 4099 1237 4144 nemo

98 4399 118 4465 ¹)
135 4403 183 4447 Hie
207 4403 272 4460 part.
296 4420 321 4459 γι
344 4402 452 4459 trajecta
476 4407 523 4464 est,
547 4407 576 4449 ut
596 4406 700 4463 saepius
717 4418 757 4463 ap.
776 4406 875 4451 Platon.
896 4405 951 4451 Vid.
971 4419 1008 4451 ex.
1027 4418 1064 4463 gr.
1084 4405 1162 4451 888A
1181 4407 1239 4466 πρός

64 4502 89 4539 γι
107 4486 197 4542 καρποῦ
214 4486 300 4538 κτῆσιν.

98 4554 118 4614 ²)
135 4560 196 4604 Post
212 4562 329 4617 χαλιποΝ
345 4572 416 4618 pron.
433 4575 454 4605 τι
473 4562 594 4607 facillime
613 4561 730 4607 excidere
747 4561 838 4619 potnit.
