3000 5018
738 261 800 321 159

184 445 207 503 L
239 422 460 525 ἐτταμφοτερίζει
491 448 605 508 Asiius
631 449 788 523 probavit,
813 449 988 525 rectissimo,
1013 465 1076 510 non
1097 452 1193 511 modo
1217 453 1293 524 quia
1316 453 1356 512 ad
1440 423 1443 427 ²

183 574 322 631 sequens
354 558 483 620 δυνατὸν
515 537 624 621 1116111ὀ
651 562 866 636 supplendum
889 565 941 622 esi
963 559 1022 621 ἐστι
1045 577 1104 623 nec
1127 578 1183 637 per
1206 565 1315 642 ζεῦγμα
1339 581 1356 624 e

181 674 381 746 praegressis
396 668 418 750 ¹)
458 674 543 732 δοκεῖ
573 676 613 734 ad
647 675 741 734 illum
777 674 974 755 infinitivum
1006 677 1234 751 explicandum
1269 679 1356 737 sumi

180 787 298 861 potest,
335 787 391 847 sed
422 788 615 861 praesertim
646 788 721 861 q'uia
752 789 791 863 ei,
823 789 878 861 qui
910 786 940 847 τὸ
965 786 1205 867 ἐπαμφοτερίζειν
1227 789 1260 850 τὸ
1283 798 1356 848 τῶν

181 901 335 971 κολλῶν
355 900 515 974 exemplis
533 900 697 961 iilustrare
717 903 861 976 conatur,
881 902 1016 962 minime
1029 901 1175 963 dubitare
1188 904 1264 963 lioet
1276 919 1355 963 num

181 1012 252 1086 ipsa
275 1011 332 1073 iiia
355 1013 505 1087 exempla
526 1016 678 1073 naturam
702 1021 760 1072 τῶν
780 1011 1070 1092 ἐτταμφοτεριζόντων
1090 1016 1184 1090 plane
1204 1017 1355 1093 referant,

141 1127 160 1174 -'
180 1126 264 1197 quod
297 1141 360 1186 non
395 1128 442 1186 iia
473 1142 545 1186 esse
575 1125 756 1187 infinitivus
787 1127 903 1189 modus
933 1128 1062 1188 indicet.
1089 1163 1129 1171 -
1155 1128 1228 1191 Mox
1259 1131 1356 1190 verba

169 1236 246 1297 ὀὔτε
270 1235 422 1318 ἀμφότερα
447 1236 513 1298 οὔτε
536 1237 691 1318 οὐδέτερον
715 1241 824 1315 spuria
843 1242 930 1317 suni,
950 1256 1027 1301 nam
1047 1242 1190 1315 primum
1209 1243 1283 1303 ilias
1304 1259 1355 1303 res

179 1348 335 1431 οὐδέτερον
359 1368 430 1413 esse
455 1355 549 1413 modo
574 1349 651 1423 (οὔτε
674 1345 750 1412 εἶναι
775 1351 841 1412 οὔτε
864 1351 904 1430 μὴ
928 1346 1005 1412 εἶναι
1028 1349 1118 1413 οὐδὲν
1141 1339 1241 1413 αὐτῶν
1264 1355 1356 1414 δννα-

177 1464 229 1525 τὸν
249 1465 362 1545 ταμίας
381 1465 500 1544 νοῆσαι)
522 1467 644 1527 dictum
664 1469 725 1542 est,
746 1467 858 1526 deinde
875 1482 939 1526 non
952 1483 1066 1527 verum
1079 1472 1130 1528 est
1142 1467 1215 1528 illas
1227 1483 1355 1528 resnoo

179 1573 252 1639 esse
273 1576 434 1659 ἀμφότερα,
453 1580 517 1640 alia
529 1581 616 1645 enim
629 1595 728 1653 quam
748 1577 791 1637 τὰ
811 1577 1183 1658 ἐπαμφοτερίζοντα
1204 1577 1355 1659 ἀμφότερα

180 1709 253 1754 esse
279 1690 312 1770 (i.
336 1709 363 1755 e.
388 1702 441 1753 τοῦ
464 1686 543 1752 εἶναί
562 1715 591 1752 τε
614 1690 664 1752 καὶ
687 1691 727 1770 μὴ
752 1686 828 1752 εἶναι
850 1691 977 1771 μετέχειν
991 1686 1027 1770 21)
1048 1693 1190 1752 nondum
1216 1693 1354 1753 medius·

129 1808 157 1874 Ι)
180 1806 277 1868 fidius
300 1788 457 1883 exputare
476 1808 575 1882 potui.
601 1798 620 1890 ΙΙ
644 1806 728 1881 Lege
747 1807 914 1867 κυλίνδεται
934 1821 990 1881 pro
1010 1805 1188 1866 κυλινδεῖται
1208 1808 1241 1866 et
1260 1806 1355 1880 paulo

178 1924 253 1995 posi
276 1936 292 1980 e
309 1917 432 1981 Veneto
452 1917 599 1994 Ereoipe
620 1919 689 1978 vam
707 1920 731 1979 L
755 1915 986 1998 ὡμολογήσαμεν
1006 1918 1102 1995 (quod
1122 1919 1220 1979 etiam
1244 1917 1353 1994 Gamp-

181 2035 276 2112 bellio
307 2036 526 2110 reponendum
555 2009 663 2095 visum
694 2034 757 2112 esi)
789 2038 957 2110 propterea
988 2035 1071 2107 quod
1103 2036 1243 2094 aoristus
1267 2050 1351 2109 prae·

180 2147 274 2214 aedit.
299 2148 407 2208 Baiter
431 2151 542 2207 contra
565 2147 692 2207 mavult
715 2149 890 2208 rescribere
910 2147 1209 2226 κροαμολομήκαμεν,
1228 2149 1263 2206 ολ
1282 2151 1354 2207 tum

181 2260 378 2322 Glauconem
403 2296 442 2303 -
467 2261 756 2340 κροαμολομήκαμεν
777 2263 864 2322 enim
885 2260 1046 2335 significat
1068 2262 1199 2337 „nostra
1218 2262 1355 2334 pristina

181 2390 206 2434 s.
231 2376 425 2435 antecedens
448 2368 611 2435 sententia
634 2377 705 2434 est''
734 2409 771 2417 -
791 2369 986 2449 'respondere
1011 2377 1195 2449 oportuerat
1218 2395 1354 2452 προωμο-

180 2487 346 2565 λογήκαμεν
371 2484 446 2564 (non
469 2484 722 2573 ὡμολογήκαμεν).

129 2600 156 2667 A
223 2599 292 2658 Vam
317 2602 341 2660 L
365 2597 403 2659 ἄν
424 2595 453 2680 γ’
481 2597 545 2677 ἐμοὶ
569 2605 751 2672 (καθῶνται)
775 2617 831 2675 pro
855 2598 889 2659 ἄν
915 2598 948 2680 γε’
971 2623 1020 2678 μοι
1041 2602 1107 2662 fere
1128 2616 1242 2662 omnes
1263 2575 1353 2660 edittss

181 2716 267 2772 recto
290 2716 480 2788 probarunt:
506 2715 576 2774 vide
601 2715 687 2774 diota
710 2716 750 2774 ad
775 2716 838 2774 352
862 2715 898 2775 D.
1227 2714 1231 2722 ’

215 2969 233 3032 ¹)
252 2972 334 3018 Mulio
352 2974 428 3018 eiiam
447 2973 532 3018 minus
550 2986 581 3018 ex
597 2985 660 3018 voco
676 2972 798 3027 ἀδύνατον,
815 2973 845 3017 ut
863 2972 1003 3018 Schneider
1021 2973 1164 3019 somniavit.

196 3047 235 3113 ·²)
253 3051 291 3097 Oi.
310 3052 390 3098 4781)
408 3053 430 3097 εἴ
443 3067 464 3097 τι
481 3055 563 3113 φανείη
581 3047 630 3096 οἷον
646 3052 695 3109 ἅμα
714 3050 739 3096 ὄν
757 3065 780 3095 τε
800 3052 837 3096 καλ
853 3051 886 3109 μὴ
904 3053 937 3104 ὄν,
955 3052 1033 3098 477A
1051 3055 1072 3098 εἰ
1087 3051 1112 3098 oi
1130 3052 1157 3111 δι’]
1175 3057 1221 3098 κτλ.
