3000 5018
805 286 846 344 38

237 476 270 533 61
301 472 464 532 Wohlrab.
495 473 532 532 In
559 473 577 541 1
602 472 624 532 O
647 473 767 532 rectius
789 471 935 531 nonnulli
958 471 1048 532 editt.
1073 472 1180 547 media
1202 472 1404 534 distinctione
1446 502 1450 511 ι

181 582 306 659 Bpost
341 587 439 648 verba
473 582 588 644 ἐθέλειν
618 582 716 662 ἄρχειν
748 585 799 644 usi
830 586 916 646 sunt.
948 576 969 667 ΙΙ
999 584 1062 644 Ros
1092 585 1148 658 qui
1178 589 1291 661 μισθοῦ
1323 581 1404 645 ένιιιιι

182 697 213 761 Ι)
237 695 377 776 ἄρχουσιν
401 699 633 774 Aristophanes
656 699 806 772 probrose
831 697 1152 775 τοο61μισθνρχίδνς.
1176 689 1197 780 ΙΙ
1221 699 1404 771 Legendum

234 790 312 886 puto
332 810 500 870 κινδυνεύει
523 809 630 884 (εἰ)
652 809 735 880 πόλις
746 855 848 868 .......
869 809 916 881 [εἰ]
937 806 1058 889 γένοιτο.
1079 811 1404 886 Interciderathaplo-

200 979 202 985 ,
233 925 366 999 graphia
389 924 424 1001 εἰ,
446 925 561 984 deinde
584 939 604 985 a
626 924 757 984 librario
780 924 885 984 alieno
908 924 977 984 loco
1001 924 1161 990 insertum
1186 927 1247 985 661.
1274 958 1314 969 -
1336 925 1406 987 llox

233 1038 260 1097 J.
292 1038 423 1098 Richter
454 1038 570 1108 (Fleok.
603 1038 673 1098 Jbb.
708 1037 867 1097 186711.
900 1039 953 1107 95)
984 1037 1023 1098 ci.
1048 1034 1091 1095 dn
1113 1046 1153 1119 τρι
1177 1033 1240 1096 ὄντι
1262 1033 1406 1114 ἀληθινὸς

233 1147 322 1221 (zi
354 1149 414 1221 ἀλ)
445 1148 542 1229 ἅρχων
573 1151 728 1225 probante
759 1150 915 1210 Schanzio
938 1149 1028 1219 (Nov.
1054 1149 1177 1240 Comm.
1202 1150 1276 1211 Plat
1300 1151 1405 1226 1871),

123 1261 130 1272 “
233 1264 364 1337 optime.
389 1265 424 1324 Id
447 1264 531 1336 quod
554 1279 572 1323 e
594 1262 762 1337 perpaucis
786 1263 874 1322 codd.
902 1262 1010 1336 Steph.
1035 1265 1068 1322 et
1086 1263 1201 1323 Aetius
1219 1268 1406 1338 receperant

236 1375 290 1447 (itu
317 1373 415 1450 <ὁ>
441 1386 480 1458 τῷ
505 1372 567 1435 ὄντι
590 1373 656 1452 ἀλ),
681 1377 750 1436 iure
774 1391 792 1436 a
817 1375 903 1435 Birlr⁰
927 1377 960 1436 61
984 1376 1116 1448 reliquis
1139 1377 1230 1436 editt.
1251 1374 1405 1449 improbe·

234 1495 316 1550 tum.
350 1523 388 1533 —
415 1488 495 1550 (lum
519 1489 601 1550 cler⁰
623 1489 780 1550 Richards
803 1488 915 1559 (Oiass.
940 1489 1018 1550 Rev.
1047 1490 1142 1559 1893)
1166 1490 1289 1562 corrige
1313 1485 1329 1548 ὁ
1352 1511 1406 1567 νιν.

182 1609 218 1674 Ε,
236 1601 289 1675 [τὸ]
316 1598 496 1677 ὠφελεῖσθαι
518 1606 576 1660 κτλ.
608 1593 627 1683 ΙΙ
656 1602 741 1662 Astii
763 1597 1050 1677 transpositionem
1073 1600 1197 1680 πότερον
1220 1604 1254 1663 et
1277 1599 1406 1679 ποτέρως

234 1713 297 1788 [ὡς]
330 1713 418 1792 dine.
449 1730 505 1789 pro
537 1711 665 1793 ποτέρως
696 1718 729 1775 61
758 1713 883 1793 πότερον
912 1712 953 1786 ὡς
985 1716 1159 1788 probarunt
1187 1715 1299 1776 Herm.
1323 1716 1404 1776 Bait.

234 1828 391 1890 schmelz.
423 1826 587 1903 Wohlrab,
611 1828 750 1902 optime;
774 1828 881 1902 ipsum
906 1828 994 1887 enim
1018 1827 1191 1887 Glauconie
1213 1843 1405 1902 responsum

232 1941 328 2011 (δοκεῖ
357 1962 408 2017 μοι
441 1937 492 1999 τὸν
526 1948 578 1999 τοῦ
615 1939 732 2000 δικαίου
768 1939 836 2017 βίον
870 1943 930 2010 κτλ)
963 1941 1077 2002 uteie
1108 1941 1258 2014 legamus
1281 1942 1404 2002 suadet.

231 2055 364 2128 Aliquot
395 2056 483 2115 codd.
517 2051 579 2126 [ὡς]
613 2051 814 2132 ἀληθεστέρως
843 2055 1005 2115 exhibent.
1030 2055 1252 2127 interrogandi
1275 2055 1404 2143 signum

232 2168 305 2241 post
336 2166 417 2245 αἱρεῖ
441 2169 529 2228 recte
561 2168 657 2241 vulgo
689 2167 859 2228 omissum.
892 2167 1035 2228 conferri
1066 2169 1173 2241 potest
1196 2183 1214 2228 e
1237 2168 1404 2231 Phaedone

235 2280 306 2340 920
328 2277 452 2357 πότερον
476 2278 556 2358 αἱρεῖ
573 2283 631 2338 κτλ.

88 2399 151 2459 348
179 2395 210 2463 A
278 2392 465 2465 Legendum
495 2407 611 2453 censeo
642 2401 705 2463 πῶς
735 2390 792 2472 γὰρ
824 2389 880 2452 οὔκ
908 2392 1313 2470 [βούλομοι1ρυ6ωςυιιω
1338 2395 1403 2456 Hir·

233 2505 375 2578 schigius
398 2505 521 2566 formas
545 2505 714 2567 verborum
738 2506 902 2583 lindissem
924 2508 958 2567 et
980 2503 1094 2582 μέλλειν
1117 2507 1240 2568 servari
1260 2510 1404 2582 oportere

233 2621 306 2693 post
335 2627 399 2690 τῶς
429 2616 485 2698 γὰρ
515 2617 553 2677 ολ)
577 2620 748 2680 iudicabat.
772 2619 851 2680 Vide
875 2623 987 2680 autem
1011 2636 1062 2680 ex.
1086 2636 1132 2706 gr.
1157 2621 1266 2694 Lysid.
1292 2621 1356 2682 207
1380 2621 1404 2681 b

233 2733 303 2808 ult„
334 2733 464 2794 Lachet.
495 2734 557 2793 194
588 2734 614 2792 Β
646 2732 703 2794 ult.
736 2733 838 2812 βούλει
868 2724 923 2793 οὖν
933 2778 1002 2792 .....
1027 2737 1131 2794 AAX:
1165 2734 1320 2811 βούλομαι·
1344 2743 1404 2805 πῶς

181 2848 210 2912 Β
232 2845 288 2924 γὰρ
312 2838 396 2929 othl!
409 2847 521 2908 Herm.
546 2848 584 2908 oi.
608 2844 736 2925 ποτέρως
760 2838 1022 2925 οὖν.,..ἀρέσκει;
1048 2849 1134 2908 reete
1154 2849 1188 2907 ni
1207 2847 1311 2923 fallor,
1331 2849 1404 2922 quie

232 2959 354 3034 elhpsis
379 2959 467 3020 vocis
490 2955 552 3018 εἰττέ
575 2976 602 3020 6.
624 2956 688 3038 λέγε
711 2960 843 3021 insolita
862 2963 923 3021 661.
944 2961 1131 3020 Badhamus
1151 2961 1184 3020 in
1203 2961 1404 3035 Euthydemo

234 3074 295 3133 271
320 3073 347 3131 Β
373 3065 527 3151 <Λέγ’>
561 3068 704 3150 ὁπότερον
734 3069 784 3131 καλ
815 3071 933 3154 ἐρωτᾷς,
961 3065 985 3132 1ο
1015 3072 1149 3150 Κρίτων;
1182 3074 1404 3146 corrigendum

232 3186 368 3246 censuit.
401 3187 439 3245 In
469 3188 579 3246 nostro
609 3185 680 3246 loco
710 3186 849 3247 fortasse
876 3186 981 3261 61116
1012 3188 1089 3246 ante
1122 3183 1297 3264 ΟΠΟτέρως
1324 3189 1403 3248 excl-

232 3299 288 3359 dit.
316 3333 355 3342 —
379 3300 490 3360 Lectio
521 3299 599 3360 Ven.
626 3301 659 3356 Π
681 3291 758 3381 [τὴν]
781 3295 880 3358 τελέαν
908 3296 1027 3358 ἀδικίαν
1052 3299 1109 3370 (sic
1131 3300 1194 3359 Aet
1220 3301 1315 3369 1814)
1339 3316 1404 3374 pro·

232 3411 337 3471 banda
367 3413 428 3487 est,
458 3413 522 3472 nisi
553 3412 649 3473 malis
679 3413 753 3487 post
783 3408 874 3488 οὔσης
904 3412 1047 3472 inserere
1073 3412 1405 3488 <τῆς>.111111.

233 3524 354 3597 corrige
373 3522 604 3603 λυσιτελέστερον
620 3540 677 3599 pro
696 3521 939 3603 terrestremque,
960 3525 1000 3586 cf.
1019 3541 1070 3585 ex.
1090 3539 1136 3598 gr.
1159 3527 1223 3585 354
1235 3526 1274 3600 A,
1296 3527 1363 3586 844
1375 3525 1406 3601 O,

185 3635 210 3703 G
233 3637 293 3695 etc.
318 3636 396 3706 1115
421 3636 443 3697 O
466 3639 690 3711 corrigendum
713 3653 829 3707 censeo
852 3635 919 3716 περὶ
941 3636 1046 3698 αὐτοῖν
1068 3654 1125 3713 pro
1151 3637 1218 3716 περὶ
1241 3636 1352 3701 αὐτῶν.
1376 3630 1397 3722 ΙΙ

233 3748 338 3808 Verba
373 3748 449 3821 εἰκός
483 3745 506 3829 γ’
545 3751 641 3824 vulgo
676 3767 751 3811 cum
786 3753 854 3812 risu
888 3752 975 3813 dicta
1008 3753 1133 3828 putent,
1169 3755 1204 3812 at
1234 3755 1306 3813 tum
1338 3768 1406 3820 sen·

224 3861 407 3939 tentiarum
450 3878 555 3923 nexus
594 3864 689 3938 plane
723 3865 922 3926 obscuretur.
957 3867 1071 3938 Itaque
1106 3869 1162 3926 aut
1198 3881 1273 3926 cum
1309 3866 1406 3927 Bene·

230 3975 314 4034 dicto
345 3975 468 4048 corrige
494 3973 633 4048 (οὐκ)
659 3974 736 4047 εἰκός
760 3971 782 4055 γ’
810 3978 867 4036 aut
898 3992 974 4037 cum
1001 3977 1184 4051 Hirschigio
1208 3978 1407 4052 (Philologus

230 4087 287 4162 IX,
314 4087 409 4157 1854)
437 4084 632 4162 <ολ1ιιονν>
659 4087 736 4158 εἰκός
759 4082 782 4167 γ’
809 4091 1013 4165 („negetione
1037 4090 1124 4150 enirn
1148 4105 1229 4164 opus
1249 4093 1408 4166 66161116

229 4200 298 4274 ipse
332 4201 406 4260 Thr.
439 4201 552 4261 deinde
583 4202 702 4261 diserte
733 4201 820 4262 dicat
850 4217 886 4264 se
916 4200 1092 4262 τούναντίον
1123 4203 1276 4278 amplecti
1306 4219 1409 4277 quam

228 4313 312 4385 quod
337 4312 422 4373 Socr.
448 4314 584 4387 dixerat,
609 4313 805 4390 δικαιοσύνην
828 4315 993 4389 appellans
1023 4312 1130 4393 ἀρετὴν
1154 4318 1187 4376 61
1210 4312 1331 4377 ἀδικίαν
1355 4333 1407 4392 ap

229 4424 354 4498 pellens
377 4425 529 4496 κακίον’).
553 4427 672 4487 Utrum
696 4428 787 4488 Plato
810 4429 934 4490 dederit
956 4427 1086 4489 difficile
1106 4430 1192 4489 certe
1212 4429 1409 4492 diiudicatu:

227 4552 306 4597 casu
344 4538 537 4599 alterutrum
569 4539 728 4601 excidisse
760 4541 925 4601 neminem
955 4540 1058 4613 fugiet
1087 4541 1132 4611 (in
1161 4556 1225 4601 uno
1257 4544 1325 4604 cod.
1350 4559 1409 4619 pro
