3000 5018
711 295 771 353 141

149 495 259 553 gressa
283 479 522 554 comparatione
547 475 591 555 (in
616 480 633 548 ἓ
656 480 695 549 Α)
719 480 881 541 adhibitis.
908 480 1064 540 Similiter
1088 487 1122 538 ln
1146 481 1209 540 472
1231 480 1257 538 Β
1277 479 1319 540 in.

149 601 189 674 κιρ·
213 588 327 667 δυνατὴ
350 590 505 670 γίγνεσθαι
529 593 677 653 Socrates
701 593 793 669 dixit,
818 594 873 654 ubi
897 596 1149 668 exspectaveras
1168 592 1195 651 ει’
1212 590 1263 651 καὶ
1281 601 1324 675 τῇ

151 702 262 781 δυνατὴ
285 702 448 784 γίγνεσθαι.
472 706 567 766 Falso
591 703 642 778 (cf.
669 707 756 767 enim
782 709 844 767 471
871 706 903 767 O.
925 708 949 767 lt
970 706 1040 777 ult.)
1062 708 1234 768 Schneider
1253 722 1323 767 con·

150 818 252 878 tendit
282 833 377 893 posse
400 819 520 892 aliquid
544 818 613 880 fieri
636 820 722 880 baud
747 820 841 880 aliter
863 820 1080 881 demonstrari
1104 820 1167 880 nisi
1190 820 1323 880 modum

151 947 211 1005 quo
241 931 311 992 fieri
339 933 443 1006 possit
459 934 680 1008 ostendendo.
711 967 752 976 -
776 934 825 993 Ad
849 931 892 992 ὅτι
915 932 1036 992 πάντων
1061 927 1259 1010 ξυμφορώτατ
1287 929 1324 991 ἂν

150 1048 197 1103 κτλ
229 1060 247 1104 e
275 1041 423 1122 σκέψομαι
446 1047 555 1106 mente
580 1046 693 1120 supple
718 1043 883 1122 ἐνδείξομαι
908 1046 959 1106 vel
983 1045 1090 1106 simile
1115 1047 1201 1119 quid.
1225 1046 1323 1106 Parti·

152 1158 257 1219 culam
281 1179 310 1217 τε
332 1160 405 1233 post
429 1167 464 1241 τῇ
487 1175 562 1220 cum
585 1160 663 1220 Par⁰
686 1161 715 1219 A
741 1161 922 1221 omiserunt
942 1161 1053 1221 Herm.
1076 1160 1159 1220 Bait.
1181 1158 1323 1236 Oampb„

151 1274 183 1333 at
213 1273 390 1344 utcumque
421 1273 538 1345 legitur
569 1273 699 1334 insolite
731 1270 814 1350 (sive
847 1273 876 1333 ot
907 1269 968 1332 νέοι
1002 1274 1109 1334 verbis
1132 1278 1193 1345 τοῖς
1216 1273 1325 1349 φύλαξι

150 1385 332 1446 indicantur
351 1386 421 1445 sive
445 1384 476 1444 oi
494 1381 641 1464 ἄρχοντες)
654 1386 753 1447 verba
773 1395 808 1468 τῇ
821 1385 902 1445 ιτόκει
920 1384 989 1462 »τὸν
1001 1385 1118 1463 θῆμον”
1132 1387 1325 1463 significant,

151 1499 360 1573 quamobrem
384 1500 528 1574 suspicor
552 1499 721 1559 Platonem
746 1500 974 1560 tantummodo
997 1508 1033 1582 τῇ
1053 1498 1135 1559 πόλει
1156 1501 1325 1576 scripsisse

152 1614 183 1672 et
206 1612 305 1673 verba
328 1610 460 1684 καὶτοῖς
483 1612 593 1688 φύλαξι
617 1630 634 1674 e
659 1629 724 1688 mg.
750 1615 928 1688 irrepsisse.
956 1614 1040 1686 Lege
1065 1618 1187 1691 πυραῖς.
1209 1605 1229 1697 ΙΙ
1249 1615 1325 1675 Her·

151 1726 318 1787 werdenus
352 1727 425 1798 (Mn.
465 1728 559 1797 1883)
594 1728 664 1787 sine
696 1743 795 1789 causa
826 1727 1051 1800 corrigendum
1082 1728 1209 1802 putavit
1241 1725 1271 1785 εἴ
1298 1748 1326 1785 τε

150 1838 262 1910 τούτοις
298 1838 397 1912 <οί>
433 1837 585 1919 ἐπίκουροι
610 1842 643 1900 et
666 1856 743 1900 mox
766 1854 882 1915 parum
905 1841 993 1900 recte
1016 1840 1086 1898 vam
1109 1840 1134 1899 L
1157 1836 1197 1916 μὴ
1221 1843 1326 1898 ττειθο-

150 1949 256 2030 μένους
279 1968 336 2028 pro
360 1950 561 2030 μιμουμένους
584 1954 741 2028 probavit.
768 1953 897 2027 Optime
921 1953 1008 2014 enim
1033 1953 1126 2013 Giton
1148 1954 1247 2014 vertit
1275 1954 1327 2029 ,et

150 2067 221 2129 d’en
244 2068 354 2127 suivre
378 2067 501 2142 l’esprlt
524 2069 605 2129 dans
625 2068 674 2127 les
693 2065 891 2140 reglements
912 2081 973 2139 que
994 2081 1077 2126 nous
1098 2066 1326 2127 abandonnons

151 2183 169 2240 θ,
190 2181 262 2242 leur
280 2182 472 2258 prudence‚”
495 2182 567 2242 vide
586 2181 691 2241 4251)
710 2180 769 2240 ult.
792 2174 849 2239 ἀλλ’
873 2177 929 2240 οὐκ
949 2176 1044 2258 ἄξιον,
1063 2177 1121 2257 ἔφη
1142 2184 1202 2258 κτλ,
1221 2181 1284 2241 427
1298 2181 1328 2240 Α

150 2295 191 2356 in.
216 2292 272 2375 ἐγὼ
298 2291 353 2372 μὲν
377 2294 480 2354 τοίνυν
503 2299 561 2354 κτλ.
578 2290 599 2366 ¹)

101 2436 127 2470 u
194 2409 288 2469 Unus
311 2409 378 2470 cod.
404 2408 510 2470 exhib.
531 2408 721 2487 θηρευτικάς,
740 2409 878 2469 fortasse
899 2411 996 2485 recte,
1018 2424 1093 2470 oum
1106 2409 1218 2470 Graeci
1231 2424 1328 2470 canes

151 2522 316 2583 venaticas
339 2522 528 2597 plerumque
549 2522 625 2582 fem.
639 2537 710 2595 gen.
725 2523 885 2598 appellare
898 2524 1141 2584 consueverint:
1164 2524 1203 2584 cf.
1217 2524 1326 2597 steph.

100 2629 123 2692 t
150 2633 302 2696 Thesaur.
338 2636 371 2696 in
405 2652 436 2696 ν.
472 2634 554 2695 κύων
584 2636 618 2695 et
649 2636 794 2712 Xenopb.
828 2636 1070 2711 cynegetieum.
1095 2628 1114 2719 ΙΙ
1138 2638 1209 2696 Νοο
1242 2635 1327 2694 male

152 2749 244 2822 pauci
275 2750 363 2810 codd.
395 2751 469 2824 post
498 2745 597 2827 α’κροιν
629 2765 689 2811 om.
713 2751 770 2811 inf.
796 2744 881 2825 εἶναι,
906 2751 945 2810 cf.
971 2751 1084 2810 statim
1108 2751 1180 2823 post
1205 2749 1237 2808 in
1262 2745 1328 2822 §O

153 2857 193 2921 ὅτι
217 2858 422 2941 ἀνδρειοτέρου
448 2861 496 2921 δεῖ
518 2869 571 2921 τοῦ
592 2861 703 2941 ἰατροῦ.
724 2862 907 2922 Verisimile
928 2865 979 2922 est
1003 2856 1078 2920 εἶναι
1102 2861 1164 2937 hic,
1188 2861 1272 2921 infra
1294 2861 1328 2921 in

152 2973 168 3043 i
192 2974 216 3036 O
238 2977 311 3049 post
334 2969 501 3054 ἡγούμεθα,
523 2991 620 3050 supra
648 2976 711 3035 458
734 2975 763 3034 A
781 2977 854 3050 post
874 2972 1009 3053 ὑπάρχον
1030 2976 1086 3035 uni
1106 2976 1203 3048 atque
1223 2975 1328 3035 eidem

100 3076 373 3163 Uinterpolatori
407 3089 524 3150 deberi.
560 3080 579 3171 ΙΙ
612 3088 840 3162 corrigendum
873 3091 1010 3150 arbitror
1041 3086 1166 3167 (ἰατρὸν)
1199 3087 1237 3165 δή
1269 3109 1328 3147 ιτου

146 3215 205 3276 pro
231 3198 265 3261 δέ
286 3223 353 3263 τιου.
377 3203 492 3263 Astlus
516 3199 638 3279 (minus
662 3206 747 3265 recte
772 3200 894 3279 opinor)
915 3203 953 3264 ci.
975 3200 1008 3282 με’
1027 3222 1097 3278 τιον,
1117 3204 1151 3262 at
1169 3203 1203 3262 in
1225 3202 1328 3263 4808

144 3313 190 3379 in.
217 3333 247 3376 v.
272 3332 299 3377 o.
323 3316 481 3391 particula
503 3338 536 3395 με
559 3317 592 3375 in
612 3312 645 3395 μέ
668 3336 727 3376 ιτου
748 3317 788 3376 ad
807 3313 857 3374 καὶ
878 3316 1027 3392 pertinet,
1048 3331 1112 3375 non
1133 3316 1173 3375 ad
1193 3311 1328 3394 ἀγαθοῖς.

143 3427 344 3492 Liebholdus
378 3431 495 3501 (Fleck.
532 3430 601 3490 Jbb.
640 3427 736 3507 1888)
772 3430 841 3490 sine
874 3445 973 3490 causa
1005 3428 1113 3507 ἰατρῶν
1145 3426 1194 3506 (V.
1227 3427 1263 3505 L)
1297 3429 1330 3487 et

145 3543 264 3621 διαίτης
287 3545 480 3619 requirebat.
502 3578 542 3587 —
564 3545 673 3603 VamL
694 3540 849 3603 ἐθέλουσιν
869 3540 1106 3618 presentetur
1119 3543 1206 3617 prob.
1220 3541 1328 3616 steph.

147 3658 281 3732 Madvig
314 3659 433 3735 Baiter,
467 3658 552 3731 quod
585 3658 785 3734 probassem,
821 3658 849 3718 si
884 3658 975 3718 Plato
1008 3674 1072 3717 νον
1104 3653 1187 3735 ἀλλά,
1217 3658 1274 3718 sed
1298 3651 1331 3716 dl

148 3775 325 3854 posuisset.
353 3774 427 3835 Mox
449 3773 614 3834 Dobraeus
638 3773 729 3843 (Adv.
756 3771 842 3841 Orit.)
867 3772 905 3832 ci.
930 3764 1083 3849 ἡγούμεθ’
1110 3768 1157 3848 ἅν,
1180 3787 1243 3844 quo
1266 3786 1330 3832 non

150 3904 243 3965 opUS,
268 3889 307 3949 cf.
332 3905 383 3950 ex.
407 3904 453 3962 gr.
478 3885 493 3947 ὅ
518 3885 558 3965 μὴ
583 3883 681 3965 bupalo
705 3882 867 3964 ἅνθρωπος
890 3883 926 3945 οὐ
946 3885 1125 3946 παιδεύεται.
1148 3919 1189 3928 -
1209 3884 1328 3945 infinit.

152 3994 229 4060 εἶναι
258 4003 405 4077 spurium
436 4003 522 4063 recte
554 4002 717 4062 duxerunt
750 3999 859 4074 steph.
896 4001 958 4060 Ast
988 3999 1115 4073 Madvig
1145 3998 1228 4060 Bait.
1253 3998 1330 4059 Her·

108 4098 110 4102 ὗ
154 4118 250 4177 werd.
283 4116 356 4187 (Mn.
390 4116 495 4192 1891),
527 4116 581 4190 qui
612 4130 686 4175 cum
719 4113 880 4188 stephano
914 4114 1014 4174 etiam
1046 4110 1152 4191 ἐξαρκῇ
1184 4107 1230 4191 by.
1255 4103 1331 4170 εἶναι

154 4231 343 4306 proponeret
380 4229 427 4305 ,si
460 4244 540 4288 usus
571 4229 632 4289 adi.
665 4223 789 4306 ἐξαρκὴς
820 4241 884 4286 non
914 4240 1007 4285 rarus
1034 4226 1131 4300 esset,
1155 4225 1273 4286 saltem
1297 4224 1330 4284 in

188 4509 208 4576 ¹)
227 4514 337 4576 Optimis
355 4513 427 4561 codd.
446 4513 511 4560 κοινὰ
530 4498 660 4575 ρτο’κοινῇ
676 4509 861 4571 praebentibus
879 4509 932 4556 fere
950 4521 1039 4555 omnes
1056 4507 1130 4555 editt.
1146 4489 1217 4555 recte
1231 4506 1330 4553 obtem·

158 4597 286 4654 perurunt.
305 4594 400 4640 Vereor
417 4597 446 4641 ut
464 4607 495 4639 an
513 4592 702 4652 ἀναμεμιγμένων
718 4603 766 4652 pro
784 4588 963 4650 ἀναμεμιγμένοι
982 4587 1044 4637 ferri
1060 4587 1150 4649 possit.
