3000 5018
790 232 829 291 72

222 421 409 494 Paridisque
426 419 590 479 iudicium.
610 420 680 479 Non
700 435 834 480 necesse
854 422 905 480 est
925 422 962 479 ut
982 418 1213 479 existimemus
1225 417 1449 478 Platoner:

222 534 323 594 solius
347 533 480 594 Homeri
502 535 633 607 peecata
657 534 690 593 et
713 549 836 594 errores
859 534 1028 594 ostendere
1055 532 1207 608 voluisse,
1232 547 1311 592 cum
1328 531 1393 605 ips.
1431 553 1449 595 ε

222 648 255 707 in
278 646 436 721 proximis
459 645 596 707 dixisset
619 643 671 705 ἐάν
695 668 751 717 τις
772 655 815 729 φῇ
836 639 871 704 δι’
896 648 1024 723 Ἀθηνᾶς
1042 666 1072 703 τε
1091 641 1141 703 καὶ
1161 640 1233 714 Διὸς
1244 641 1447 724 γεγονέναι

223 763 256 822 ei
290 776 388 835 supra
422 757 488 819 οὔτε
516 754 648 838 Ὁμήρου
680 755 747 819 οὔτε
778 755 893 818 ἄλλον
924 765 1100 835 ποιητοῦ.
1133 747 1183 818 W.
1215 757 1253 818 R.
1279 758 1435 820 Hard'le

223 872 337 953 (class.
361 875 440 936 Rev.
468 872 565 952 1890)
590 875 760 934 Platonem
784 874 899 948 cypria
922 873 1106 948 respexisse
1130 873 1318 947 suspicatus
1339 875 1417 948 est,

119 1037 121 1041 ,
222 989 278 1048 sed
309 987 387 1049 illud
419 1003 549 1049 carmen
577 983 767 1064 (memoriae
791 984 921 1063 lapsui)
946 986 1087 1046 Homero
1111 985 1311 1060 attribuisse,
1338 999 1408 1044 nou

224 1102 352 1162 Stasino
383 1098 432 1179 (ut
463 1101 560 1175 vulgo
590 1100 637 1176 nt,
662 1101 725 1161 vid.
751 1100 872 1161 Muller.
899 1100 1023 1161 Griech.
1049 1100 1110 1160 Lit.
1135 1100 1161 1176 I,
1188 1097 1275 1177 118).
1300 1100 1398 1172 Argu·

225 1218 373 1276 mentum
405 1216 527 1288 autem,
554 1229 617 1286 quo
641 1214 786 1273 maxime
810 1213 949 1273 adducor
975 1215 1012 1272 ut
1036 1213 1228 1274 Schneidero
1252 1214 1287 1273 et
1312 1211 1396 1272 (iam-

226 1328 321 1389 bellio
344 1327 462 1387 acriter
484 1326 651 1399 vulgatam
671 1326 852 1401 opinionem
874 1322 1055 1404 (Θεομαχίαν
1076 1326 1128 1386 hic
1148 1324 1275 1403 respici)
1296 1326 1395 1386 defen·

227 1441 377 1502 dentibus
407 1441 569 1515 adversor,
601 1440 660 1500 hoo
691 1441 758 1501 est:
791 1439 900 1514 culpat
923 1440 1016 1499 Plato
1040 1440 1220 1500 Homerum
1244 1436 1398 1512 (aliosque

227 1552 351 1633 poetes)
371 1555 455 1627 quod
474 1540 551 1614 deos
570 1556 719 1614 auctores
731 1555 891 1614 νοολννυνι
904 1570 977 1614 esse
989 1555 1124 1629 dixerit;
1145 1556 1180 1614 at
1191 1567 1256 1613 non
1269 1553 1400 1613 deorum

228 1684 334 1744 pugna
356 1668 542 1728 hominibus
565 1667 684 1743 nocuit,
708 1668 765 1728 sed
788 1667 845 1727 illa
868 1683 964 1742 saepe
984 1667 1146 1728 celebrata
1165 1668 1301 1727 dearum
1321 1665 1400 1740 rixa,

228 1796 327 1854 quem
347 1781 439 1841 Paris
454 1781 650 1842 diiudicavit.
664 1783 701 1841 In
713 1780 859 1862 θεομαχίᾳ
872 1781 915 1842 dii
928 1795 991 1841 non
1004 1781 1161 1854 rixantur,
1175 1779 1233 1839 sed
1246 1780 1403 1854 pugnant,

229 1895 302 1957 vide
338 1911 368 1955 v.
404 1896 446 1954 66
477 1893 588 1966 κτύπος
619 1886 693 1972 ὦρτο
724 1898 805 1953 θεῶν
835 1892 908 1972 ἴριδι
938 1891 1110 1969 ξυνιόντων,
1140 1909 1170 1953 v.
1201 1893 1264 1952 134
1288 1890 1346 1952 οὐκ
1368 1887 1406 1949 ib

229 2001 310 2087 ἔγωγ’
332 2003 464 2084 ἐθέλοιμι
483 2005 575 2078 θεοὺς
595 2004 669 2085 ἔριδι
688 2006 870 2079 ξυνελάσσαι.
892 2007 925 2067 si
941 2006 1152 2066 nihilominus
1164 2005 1256 2065 Plato
1268 2004 1407 2065 Iliadem

215 2120 384 2212 respexit,
408 2121 523 2195 cuique
542 2121 781 2181 concedendum
802 2121 853 2180 est
873 2134 948 2179 eum
968 2118 1020 2179 bic
1039 2119 1231 2193 perobscure
1243 2119 1407 2192 etparum

231 2236 382 2295 accurate
404 2233 550 2294 locutum
573 2248 656 2294 esse.

87 2357 152 2417 380
183 2352 213 2419 Α
280 2347 338 2407 Vir
368 2347 482 2407 doctus
512 2347 549 2408 A.
583 2347 670 2406 Platt
701 2345 813 2416 (Closs.
845 2347 924 2407 Rev.
952 2347 1046 2417 1889)
1072 2346 1169 2407 verba
1192 2342 1224 2404 ἐν
1247 2337 1292 2416 οἷς
1315 2354 1411 2405 ταῦτα

232 2458 267 2520 τὰ
290 2459 408 2538 ἰαμβεῖα
432 2456 524 2518 ἔνεστι
547 2462 582 2519 ut
603 2459 766 2533 glossema
789 2460 924 2521 delenda
944 2463 1064 2537 censet,
1086 2460 1171 2520 mele
1191 2459 1224 2519 ni
1244 2459 1351 2520 fallor.
1374 2496 1403 2505 -

233 2573 344 2635 Stellb.
371 2573 478 2644 (1858)
500 2588 575 2633 oum
599 2574 711 2648 paucis
733 2574 821 2635 codd.
847 2569 1016 2651 ἐξευρητέον
1038 2588 1095 2648 pro
1116 2569 1279 2651 ἐξευρετέον
1299 2572 1413 2647 legere

233 2687 336 2763 malit,
361 2702 423 2760 quo
445 2701 509 2746 non
534 2702 614 2761 opus
641 2687 712 2748 coll.
736 2687 860 2749 Politic.
886 2689 949 2750 887
962 2688 992 2749 Α
1015 2684 1171 2766 εὑρετινός,
1193 2687 1268 2748 ibid.
1294 2688 1361 2748 287
1385 2688 1412 2748 Β

233 2797 402 2880 διαιρετέον,
427 2801 570 2874 Sequens
594 2801 640 2871 (B)
665 2797 860 2879 διαμαχητέον
884 2803 1055 2861 servarunt
1086 2801 1141 2861 uni
1161 2801 1223 2860 Ast
1243 2800 1410 2863 Scbmelz.

235 2914 365 2988 eampb.
398 2929 473 2975 cum
503 2914 642 2975 Eusebio
666 2916 699 2975 et
722 2914 932 2991 Theodoreto,
954 2917 1060 2976 recte:
1086 2914 1125 2975 ci.
1150 2912 1291 2992 μαχητής,
1315 2937 1414 2992 μαχη-

233 3027 291 3106 τός,
325 3026 482 3107 μαχητικὸς
515 3030 609 3089 iuxta
643 3026 771 3107 εὑρετής,
805 3026 960 3106 εὑρετινός,
990 3027 1113 3107 αἱρετός,
1148 3026 1298 3107 αἱρετικός.
1332 3028 1416 3088 Mihi

233 3142 338 3202 forme
360 3137 499 3220 μαχετέον
523 3142 619 3212 (sicut
642 3137 808 3219 μαχεστέον,
831 3141 870 3202 ci.
895 3156 960 3202 eor.
986 3138 1165 3219 ἐμαχέοθην)
1189 3141 1415 3202 recentiorum

234 3272 306 3316 esse
328 3256 465 3331 videtur,
485 3270 685 3329 quamquam
706 3255 811 3329 magis
829 3271 869 3315 ex
890 3255 1038 3328 analogia
1057 3255 1143 3315 iacta
1163 3256 1214 3314 est
1235 3255 1415 3314 verborum

235 3369 406 3444 vocalium,
428 3383 511 3440 quae
532 3368 677 3429 vocalem
699 3382 763 3428 non
784 3368 817 3428 in
838 3369 988 3428 omnibus
1007 3368 1207 3443 temporibus
1218 3368 1415 3444 producunt,

234 3483 273 3543 cf.
307 3480 466 3564 ἔτιῄνημαι,
496 3480 687 3560 ἕτιαινετικός,
717 3478 893 3559 ἕτεαινετέος,
922 3478 1092 3559 ἕτιαινέτης;
1122 3479 1266 3559 τέθειμαι,
1288 3479 1416 3556 θετέος;

182 3605 211 3668 Β
235 3592 367 3672 ἔσχημαι,
390 3591 502 3668 ἓντέος;
525 3595 648 3678 ᾔρημαι,
671 3593 800 3672 αῖρετός;
824 3594 948 3673 εὕρημα,
976 3592 1102 3672 εὑρετής.
1128 3589 1147 3677 ΙΙ
1169 3596 1269 3657 Recte
1292 3595 1414 3659 Stallb.

234 3708 341 3778 (1858)
375 3708 408 3767 et
439 3708 550 3770 Herm.
583 3724 712 3770 comme
742 3712 816 3784 post
846 3703 904 3768 ἀλλ’
938 3707 975 3778 (εἰ
1005 3703 1059 3785 μὲν
1089 3712 1149 3779 κτλ)
1181 3709 1341 3770 delerunt.
1370 3744 1413 3753 —

234 3821 352 3881 Statim
383 3823 457 3896 post
484 3823 525 3882 ad
556 3819 595 3894 ὡς
623 3819 725 3884 ἄθλιοι
749 3824 780 3884 οἱ
796 3820 886 3883 ’κακοὶ
910 3825 1020 3883 mente
1045 3823 1157 3897 supple
1179 3838 1243 3882 non
1266 3818 1349 3894 ὄντες
1375 3826 1416 3884 ut

232 3934 347 3994 Astius
371 3937 453 4009 (post
475 3932 588 4015 λέγοιεν
612 3937 712 3998 Beklr.
736 3940 768 3997 et
791 3937 853 3998 Ast
876 3951 1006 3996 comma
1030 3935 1243 4006 sustulerunt)
1265 3935 1413 4013 iubebat,

233 4049 290 4109 sed
322 4046 387 4126 εἰσι,
415 4050 491 4122 quia
522 4051 550 4111 si
579 4047 660 4122 ὄντες
684 4051 792 4111 mente
817 4049 993 4125 suppletur,
1018 4050 1118 4109 verba
1140 4047 1171 4108 οἱ
1191 4044 1277 4108 κακοὶ
1299 4064 1413 4110 neces·

233 4163 318 4223 sario
349 4164 530 4226 subiectum
568 4164 651 4226 flunt
683 4162 770 4224 verbi
801 4159 981 4240 ἐδεήθησαν,
1012 4163 1097 4236 quod
1128 4163 1299 4222 verborum
1333 4164 1416 4224 ordo

231 4291 296 4335 non
327 4277 416 4340 sinit.
450 4280 483 4340 si
514 4279 605 4339 Plato
637 4273 677 4349 ὡς
707 4273 833 4348 ἀθλίους
865 4275 934 4347 τοὺς
965 4276 1078 4348 κακούς
1110 4277 1306 4352 scripsisset,
1332 4292 1416 4338 vera

184 4398 209 4466 Ο
232 4389 347 4449 Aetius
379 4392 524 4452 dixisset.
551 4383 570 4474 ΙΙ
595 4392 656 4451 Pro
686 4394 916 4469 μυθολογοῦντα
946 4390 1060 4450 Aetius
1088 4388 1340 4468 μυθολογούμενα
1365 4407 1415 4452 re·

229 4501 386 4579 quirebat,
417 4503 653 4564 Herwerdenus
676 4505 788 4565 autem
812 4504 885 4574 (Mn.
913 4502 1009 4572 1888)
1035 4518 1147 4563 vocem
1171 4502 1309 4565 delebat.
1335 4504 1414 4566 Pos-
